%YAML 1.1
%TAG !u! tag:unity3d.com,2011:
--- !u!1 &622479741102031924
GameObject:
  m_ObjectHideFlags: 0
  m_CorrespondingSourceObject: {fileID: 0}
  m_PrefabInstance: {fileID: 0}
  m_PrefabAsset: {fileID: 0}
  serializedVersion: 6
  m_Component:
  - component: {fileID: 2455727755522989709}
  m_Layer: 0
  m_Name: ShieldLocation
  m_TagString: Untagged
  m_Icon: {fileID: 0}
  m_NavMeshLayer: 0
  m_StaticEditorFlags: 0
  m_IsActive: 1
--- !u!4 &2455727755522989709
Transform:
  m_ObjectHideFlags: 0
  m_CorrespondingSourceObject: {fileID: 0}
  m_PrefabInstance: {fileID: 0}
  m_PrefabAsset: {fileID: 0}
  m_GameObject: {fileID: 622479741102031924}
  serializedVersion: 2
  m_LocalRotation: {x: 0.009995066, y: 0.10220051, z: 0.02174364, w: 0.99447596}
  m_LocalPosition: {x: -0.033, y: -0.153, z: 0.01}
  m_LocalScale: {x: 1, y: 1, z: 1}
  m_ConstrainProportionsScale: 0
  m_Children: []
  m_Father: {fileID: 3036733268743128394}
  m_LocalEulerAnglesHint: {x: 0.884, y: 11.755, z: 2.596}
--- !u!1 &687868790356671984
GameObject:
  m_ObjectHideFlags: 0
  m_CorrespondingSourceObject: {fileID: 0}
  m_PrefabInstance: {fileID: 0}
  m_PrefabAsset: {fileID: 0}
  serializedVersion: 6
  m_Component:
  - component: {fileID: 601887995479942801}
  m_Layer: 0
  m_Name: Weapon_R
  m_TagString: Untagged
  m_Icon: {fileID: 0}
  m_NavMeshLayer: 0
  m_StaticEditorFlags: 0
  m_IsActive: 1
--- !u!4 &601887995479942801
Transform:
  m_ObjectHideFlags: 0
  m_CorrespondingSourceObject: {fileID: 0}
  m_PrefabInstance: {fileID: 0}
  m_PrefabAsset: {fileID: 0}
  m_GameObject: {fileID: 687868790356671984}
  serializedVersion: 2
  m_LocalRotation: {x: -0.44037688, y: -0.46869895, z: 0.45957637, w: 0.6125186}
  m_LocalPosition: {x: 0.09192639, y: -0.027311133, z: -0.0020154186}
  m_LocalScale: {x: 1, y: 1, z: 1}
  m_ConstrainProportionsScale: 0
  m_Children: []
  m_Father: {fileID: 3036733268743128434}
  m_LocalEulerAnglesHint: {x: -6.239, y: -79.991, z: 78.998}
--- !u!1 &4346337013434239986
GameObject:
  m_ObjectHideFlags: 0
  m_CorrespondingSourceObject: {fileID: 0}
  m_PrefabInstance: {fileID: 0}
  m_PrefabAsset: {fileID: 0}
  serializedVersion: 6
  m_Component:
  - component: {fileID: 7535909848738709201}
  m_Layer: 10
  m_Name: MaskLocation
  m_TagString: Untagged
  m_Icon: {fileID: 0}
  m_NavMeshLayer: 0
  m_StaticEditorFlags: 0
  m_IsActive: 1
--- !u!4 &7535909848738709201
Transform:
  m_ObjectHideFlags: 0
  m_CorrespondingSourceObject: {fileID: 0}
  m_PrefabInstance: {fileID: 0}
  m_PrefabAsset: {fileID: 0}
  m_GameObject: {fileID: 4346337013434239986}
  serializedVersion: 2
  m_LocalRotation: {x: 0, y: 0.7071068, z: 0, w: 0.7071068}
  m_LocalPosition: {x: -0.2, y: 0.24, z: 0}
  m_LocalScale: {x: 3, y: 3, z: 3}
  m_ConstrainProportionsScale: 0
  m_Children: []
  m_Father: {fileID: 3036733268743128408}
  m_LocalEulerAnglesHint: {x: 0, y: 90, z: 0}
--- !u!1 &5684637002517844534
GameObject:
  m_ObjectHideFlags: 0
  m_CorrespondingSourceObject: {fileID: 0}
  m_PrefabInstance: {fileID: 0}
  m_PrefabAsset: {fileID: 0}
  serializedVersion: 6
  m_Component:
  - component: {fileID: 1821524083201361430}
  - component: {fileID: 7539773479103600776}
  m_Layer: 0
  m_Name: NavMeshAgent
  m_TagString: Untagged
  m_Icon: {fileID: 0}
  m_NavMeshLayer: 0
  m_StaticEditorFlags: 0
  m_IsActive: 1
--- !u!4 &1821524083201361430
Transform:
  m_ObjectHideFlags: 0
  m_CorrespondingSourceObject: {fileID: 0}
  m_PrefabInstance: {fileID: 0}
  m_PrefabAsset: {fileID: 0}
  m_GameObject: {fileID: 5684637002517844534}
  serializedVersion: 2
  m_LocalRotation: {x: 0, y: 0, z: 0, w: 1}
  m_LocalPosition: {x: 0, y: -1, z: 0}
  m_LocalScale: {x: 1, y: 1, z: 1}
  m_ConstrainProportionsScale: 0
  m_Children: []
  m_Father: {fileID: 5303890732908634432}
  m_LocalEulerAnglesHint: {x: 0, y: 0, z: 0}
--- !u!195 &7539773479103600776
NavMeshAgent:
  m_ObjectHideFlags: 0
  m_CorrespondingSourceObject: {fileID: 0}
  m_PrefabInstance: {fileID: 0}
  m_PrefabAsset: {fileID: 0}
  m_GameObject: {fileID: 5684637002517844534}
  m_Enabled: 1
  m_AgentTypeID: 0
  m_Radius: 0.5
  m_Speed: 3.5
  m_Acceleration: 8
  avoidancePriority: 50
  m_AngularSpeed: 120
  m_StoppingDistance: 0
  m_AutoTraverseOffMeshLink: 1
  m_AutoBraking: 1
  m_AutoRepath: 1
  m_Height: 2
  m_BaseOffset: 0
  m_WalkableMask: 4294967295
  m_ObstacleAvoidanceType: 4
--- !u!1 &7674780064554489958
GameObject:
  m_ObjectHideFlags: 0
  m_CorrespondingSourceObject: {fileID: 0}
  m_PrefabInstance: {fileID: 0}
  m_PrefabAsset: {fileID: 0}
  serializedVersion: 6
  m_Component:
  - component: {fileID: 4906175285689582126}
  m_Layer: 10
  m_Name: BackpackLocation
  m_TagString: Untagged
  m_Icon: {fileID: 0}
  m_NavMeshLayer: 0
  m_StaticEditorFlags: 0
  m_IsActive: 1
--- !u!4 &4906175285689582126
Transform:
  m_ObjectHideFlags: 0
  m_CorrespondingSourceObject: {fileID: 0}
  m_PrefabInstance: {fileID: 0}
  m_PrefabAsset: {fileID: 0}
  m_GameObject: {fileID: 7674780064554489958}
  serializedVersion: 2
  m_LocalRotation: {x: 0.9935617, y: 0.113292955, z: -0.00000025983994, w: 0.000000018203812}
  m_LocalPosition: {x: -0.11518098, y: -0.17746429, z: 0}
  m_LocalScale: {x: 1, y: 1, z: 1}
  m_ConstrainProportionsScale: 0
  m_Children: []
  m_Father: {fileID: 3036733268743128426}
  m_LocalEulerAnglesHint: {x: 180, y: 0, z: -4.8120117}
--- !u!1 &7916380178022379948
GameObject:
  m_ObjectHideFlags: 0
  m_CorrespondingSourceObject: {fileID: 0}
  m_PrefabInstance: {fileID: 0}
  m_PrefabAsset: {fileID: 0}
  serializedVersion: 6
  m_Component:
  - component: {fileID: 6208722999654034394}
  - component: {fileID: 5726310339909337721}
  - component: {fileID: 3117995190096811346}
  - component: {fileID: 8473669740538356731}
  m_Layer: 0
  m_Name: Cube
  m_TagString: Untagged
  m_Icon: {fileID: 0}
  m_NavMeshLayer: 0
  m_StaticEditorFlags: 0
  m_IsActive: 1
--- !u!4 &6208722999654034394
Transform:
  m_ObjectHideFlags: 0
  m_CorrespondingSourceObject: {fileID: 0}
  m_PrefabInstance: {fileID: 0}
  m_PrefabAsset: {fileID: 0}
  m_GameObject: {fileID: 7916380178022379948}
  serializedVersion: 2
  m_LocalRotation: {x: 0, y: 0, z: 0, w: 1}
  m_LocalPosition: {x: 0, y: 1, z: 0}
  m_LocalScale: {x: 0.2, y: 0.2, z: 0.2}
  m_ConstrainProportionsScale: 0
  m_Children: []
  m_Father: {fileID: 5303890732908634432}
  m_LocalEulerAnglesHint: {x: 0, y: 0, z: 0}
--- !u!33 &5726310339909337721
MeshFilter:
  m_ObjectHideFlags: 0
  m_CorrespondingSourceObject: {fileID: 0}
  m_PrefabInstance: {fileID: 0}
  m_PrefabAsset: {fileID: 0}
  m_GameObject: {fileID: 7916380178022379948}
  m_Mesh: {fileID: 10202, guid: 0000000000000000e000000000000000, type: 0}
--- !u!23 &3117995190096811346
MeshRenderer:
  m_ObjectHideFlags: 0
  m_CorrespondingSourceObject: {fileID: 0}
  m_PrefabInstance: {fileID: 0}
  m_PrefabAsset: {fileID: 0}
  m_GameObject: {fileID: 7916380178022379948}
  m_Enabled: 1
  m_CastShadows: 1
  m_ReceiveShadows: 1
  m_DynamicOccludee: 1
  m_StaticShadowCaster: 0
  m_MotionVectors: 1
  m_LightProbeUsage: 1
  m_ReflectionProbeUsage: 1
  m_RayTracingMode: 2
  m_RayTraceProcedural: 0
  m_RenderingLayerMask: 1
  m_RendererPriority: 0
  m_Materials:
  - {fileID: 2100000, guid: 52951ac8f983a0b419f4c77f5fe1bf24, type: 2}
  m_StaticBatchInfo:
    firstSubMesh: 0
    subMeshCount: 0
  m_StaticBatchRoot: {fileID: 0}
  m_ProbeAnchor: {fileID: 0}
  m_LightProbeVolumeOverride: {fileID: 0}
  m_ScaleInLightmap: 1
  m_ReceiveGI: 1
  m_PreserveUVs: 0
  m_IgnoreNormalsForChartDetection: 0
  m_ImportantGI: 0
  m_StitchLightmapSeams: 1
  m_SelectedEditorRenderState: 3
  m_MinimumChartSize: 4
  m_AutoUVMaxDistance: 0.5
  m_AutoUVMaxAngle: 89
  m_LightmapParameters: {fileID: 0}
  m_SortingLayerID: 0
  m_SortingLayer: 0
  m_SortingOrder: 0
  m_AdditionalVertexStreams: {fileID: 0}
--- !u!114 &8473669740538356731
MonoBehaviour:
  m_ObjectHideFlags: 0
  m_CorrespondingSourceObject: {fileID: 0}
  m_PrefabInstance: {fileID: 0}
  m_PrefabAsset: {fileID: 0}
  m_GameObject: {fileID: 7916380178022379948}
  m_Enabled: 1
  m_EditorHideFlags: 0
  m_Script: {fileID: 11500000, guid: dd4c8dbdcb95b174b91e2b590b5f0939, type: 3}
  m_Name: 
  m_EditorClassIdentifier: 
  _entityMotor: {fileID: 5303890732908634434}
  mRenderer: {fileID: 3117995190096811346}
--- !u!1 &8887994832260528555
GameObject:
  m_ObjectHideFlags: 0
  m_CorrespondingSourceObject: {fileID: 0}
  m_PrefabInstance: {fileID: 0}
  m_PrefabAsset: {fileID: 0}
  serializedVersion: 6
  m_Component:
  - component: {fileID: 4664832094424824976}
  - component: {fileID: 3093426676105450491}
  m_Layer: 0
  m_Name: AudioSource
  m_TagString: Untagged
  m_Icon: {fileID: 0}
  m_NavMeshLayer: 0
  m_StaticEditorFlags: 0
  m_IsActive: 1
--- !u!4 &4664832094424824976
Transform:
  m_ObjectHideFlags: 0
  m_CorrespondingSourceObject: {fileID: 0}
  m_PrefabInstance: {fileID: 0}
  m_PrefabAsset: {fileID: 0}
  m_GameObject: {fileID: 8887994832260528555}
  serializedVersion: 2
  m_LocalRotation: {x: -0, y: -0, z: -0, w: 1}
  m_LocalPosition: {x: -0.06634528, y: 0.04744137, z: 0.24292643}
  m_LocalScale: {x: 1, y: 1, z: 1}
  m_ConstrainProportionsScale: 0
  m_Children: []
  m_Father: {fileID: 5303890732908634432}
  m_LocalEulerAnglesHint: {x: 0, y: 0, z: 0}
--- !u!82 &3093426676105450491
AudioSource:
  m_ObjectHideFlags: 0
  m_CorrespondingSourceObject: {fileID: 0}
  m_PrefabInstance: {fileID: 0}
  m_PrefabAsset: {fileID: 0}
  m_GameObject: {fileID: 8887994832260528555}
  m_Enabled: 1
  serializedVersion: 4
  OutputAudioMixerGroup: {fileID: 0}
  m_audioClip: {fileID: 0}
  m_PlayOnAwake: 1
  m_Volume: 1
  m_Pitch: 1
  Loop: 0
  Mute: 0
  Spatialize: 0
  SpatializePostEffects: 0
  Priority: 128
  DopplerLevel: 0
  MinDistance: 0
  MaxDistance: 25
  Pan2D: 0
  rolloffMode: 2
  BypassEffects: 0
  BypassListenerEffects: 0
  BypassReverbZones: 0
  rolloffCustomCurve:
    serializedVersion: 2
    m_Curve:
    - serializedVersion: 3
      time: 0
      value: 1
      inSlope: -3.3081598
      outSlope: -3.3081598
      tangentMode: 0
      weightedMode: 0
      inWeight: 0.33333334
      outWeight: 0.07631579
    - serializedVersion: 3
      time: 1
      value: 0
      inSlope: 0
      outSlope: 0
      tangentMode: 0
      weightedMode: 0
      inWeight: 0.33333334
      outWeight: 0.33333334
    m_PreInfinity: 2
    m_PostInfinity: 2
    m_RotationOrder: 4
  panLevelCustomCurve:
    serializedVersion: 2
    m_Curve:
    - serializedVersion: 3
      time: 0
      value: 1
      inSlope: 0
      outSlope: 0
      tangentMode: 0
      weightedMode: 0
      inWeight: 0.33333334
      outWeight: 0.33333334
    m_PreInfinity: 2
    m_PostInfinity: 2
    m_RotationOrder: 4
  spreadCustomCurve:
    serializedVersion: 2
    m_Curve:
    - serializedVersion: 3
      time: 0
      value: 0
      inSlope: 0
      outSlope: 0
      tangentMode: 0
      weightedMode: 0
      inWeight: 0.33333334
      outWeight: 0.33333334
    m_PreInfinity: 2
    m_PostInfinity: 2
    m_RotationOrder: 4
  reverbZoneMixCustomCurve:
    serializedVersion: 2
    m_Curve:
    - serializedVersion: 3
      time: 0
      value: 1
      inSlope: 0
      outSlope: 0
      tangentMode: 0
      weightedMode: 0
      inWeight: 0.33333334
      outWeight: 0.33333334
    m_PreInfinity: 2
    m_PostInfinity: 2
    m_RotationOrder: 4
--- !u!1001 &213578187883875070
PrefabInstance:
  m_ObjectHideFlags: 0
  serializedVersion: 2
  m_Modification:
    serializedVersion: 3
    m_TransformParent: {fileID: 5303890733038621008}
    m_Modifications:
    - target: {fileID: 1240530230923142616, guid: b7918151d29dbde45a6e02f53070cb85,
        type: 3}
      propertyPath: m_Name
      value: CanvasHealthBar
      objectReference: {fileID: 0}
    - target: {fileID: 3704656682501166074, guid: b7918151d29dbde45a6e02f53070cb85,
        type: 3}
      propertyPath: m_PresetInfoIsWorld
      value: 1
      objectReference: {fileID: 0}
    - target: {fileID: 4043605922541920983, guid: b7918151d29dbde45a6e02f53070cb85,
        type: 3}
      propertyPath: m_AnchorMax.x
      value: 0
      objectReference: {fileID: 0}
    - target: {fileID: 4043605922541920983, guid: b7918151d29dbde45a6e02f53070cb85,
        type: 3}
      propertyPath: m_AnchorMax.y
      value: 0
      objectReference: {fileID: 0}
    - target: {fileID: 6197101460737063822, guid: b7918151d29dbde45a6e02f53070cb85,
        type: 3}
      propertyPath: m_Pivot.x
      value: 0.5
      objectReference: {fileID: 0}
    - target: {fileID: 6197101460737063822, guid: b7918151d29dbde45a6e02f53070cb85,
        type: 3}
      propertyPath: m_Pivot.y
      value: 0.5
      objectReference: {fileID: 0}
    - target: {fileID: 6197101460737063822, guid: b7918151d29dbde45a6e02f53070cb85,
        type: 3}
      propertyPath: m_RootOrder
      value: 7
      objectReference: {fileID: 0}
    - target: {fileID: 6197101460737063822, guid: b7918151d29dbde45a6e02f53070cb85,
        type: 3}
      propertyPath: m_AnchorMax.x
      value: 0.5
      objectReference: {fileID: 0}
    - target: {fileID: 6197101460737063822, guid: b7918151d29dbde45a6e02f53070cb85,
        type: 3}
      propertyPath: m_AnchorMax.y
      value: 0.5
      objectReference: {fileID: 0}
    - target: {fileID: 6197101460737063822, guid: b7918151d29dbde45a6e02f53070cb85,
        type: 3}
      propertyPath: m_AnchorMin.x
      value: 0.5
      objectReference: {fileID: 0}
    - target: {fileID: 6197101460737063822, guid: b7918151d29dbde45a6e02f53070cb85,
        type: 3}
      propertyPath: m_AnchorMin.y
      value: 0.5
      objectReference: {fileID: 0}
    - target: {fileID: 6197101460737063822, guid: b7918151d29dbde45a6e02f53070cb85,
        type: 3}
      propertyPath: m_SizeDelta.x
      value: 1
      objectReference: {fileID: 0}
    - target: {fileID: 6197101460737063822, guid: b7918151d29dbde45a6e02f53070cb85,
        type: 3}
      propertyPath: m_SizeDelta.y
      value: 0.2
      objectReference: {fileID: 0}
    - target: {fileID: 6197101460737063822, guid: b7918151d29dbde45a6e02f53070cb85,
        type: 3}
      propertyPath: m_LocalPosition.x
      value: 0
      objectReference: {fileID: 0}
    - target: {fileID: 6197101460737063822, guid: b7918151d29dbde45a6e02f53070cb85,
        type: 3}
      propertyPath: m_LocalPosition.y
      value: 0
      objectReference: {fileID: 0}
    - target: {fileID: 6197101460737063822, guid: b7918151d29dbde45a6e02f53070cb85,
        type: 3}
      propertyPath: m_LocalPosition.z
      value: 0
      objectReference: {fileID: 0}
    - target: {fileID: 6197101460737063822, guid: b7918151d29dbde45a6e02f53070cb85,
        type: 3}
      propertyPath: m_LocalRotation.w
      value: 1
      objectReference: {fileID: 0}
    - target: {fileID: 6197101460737063822, guid: b7918151d29dbde45a6e02f53070cb85,
        type: 3}
      propertyPath: m_LocalRotation.x
      value: 0
      objectReference: {fileID: 0}
    - target: {fileID: 6197101460737063822, guid: b7918151d29dbde45a6e02f53070cb85,
        type: 3}
      propertyPath: m_LocalRotation.y
      value: 0
      objectReference: {fileID: 0}
    - target: {fileID: 6197101460737063822, guid: b7918151d29dbde45a6e02f53070cb85,
        type: 3}
      propertyPath: m_LocalRotation.z
      value: 0
      objectReference: {fileID: 0}
    - target: {fileID: 6197101460737063822, guid: b7918151d29dbde45a6e02f53070cb85,
        type: 3}
      propertyPath: m_AnchoredPosition.x
      value: 0
      objectReference: {fileID: 0}
    - target: {fileID: 6197101460737063822, guid: b7918151d29dbde45a6e02f53070cb85,
        type: 3}
      propertyPath: m_AnchoredPosition.y
      value: 1.798
      objectReference: {fileID: 0}
    - target: {fileID: 6197101460737063822, guid: b7918151d29dbde45a6e02f53070cb85,
        type: 3}
      propertyPath: m_LocalEulerAnglesHint.x
      value: 0
      objectReference: {fileID: 0}
    - target: {fileID: 6197101460737063822, guid: b7918151d29dbde45a6e02f53070cb85,
        type: 3}
      propertyPath: m_LocalEulerAnglesHint.y
      value: 0
      objectReference: {fileID: 0}
    - target: {fileID: 6197101460737063822, guid: b7918151d29dbde45a6e02f53070cb85,
        type: 3}
      propertyPath: m_LocalEulerAnglesHint.z
      value: 0
      objectReference: {fileID: 0}
    m_RemovedComponents: []
    m_RemovedGameObjects: []
    m_AddedGameObjects: []
    m_AddedComponents: []
  m_SourcePrefab: {fileID: 100100000, guid: b7918151d29dbde45a6e02f53070cb85, type: 3}
--- !u!114 &815185659539166964 stripped
MonoBehaviour:
  m_CorrespondingSourceObject: {fileID: 695479807496166410, guid: b7918151d29dbde45a6e02f53070cb85,
    type: 3}
  m_PrefabInstance: {fileID: 213578187883875070}
  m_PrefabAsset: {fileID: 0}
  m_GameObject: {fileID: 0}
  m_Enabled: 1
  m_EditorHideFlags: 0
  m_Script: {fileID: 11500000, guid: 6e373dadc17f83d43b22b3bfdb0134ef, type: 3}
  m_Name: 
  m_EditorClassIdentifier: 
--- !u!224 &6122167377525109104 stripped
RectTransform:
  m_CorrespondingSourceObject: {fileID: 6197101460737063822, guid: b7918151d29dbde45a6e02f53070cb85,
    type: 3}
  m_PrefabInstance: {fileID: 213578187883875070}
  m_PrefabAsset: {fileID: 0}
--- !u!1001 &4025038006629989707
PrefabInstance:
  m_ObjectHideFlags: 0
  serializedVersion: 2
  m_Modification:
    serializedVersion: 3
    m_TransformParent: {fileID: 5303890733038621008}
    m_Modifications:
    - target: {fileID: 2673449329356815903, guid: d9b0213bed930e34f8372921b46d859c,
        type: 3}
      propertyPath: m_Pivot.x
      value: 0.5
      objectReference: {fileID: 0}
    - target: {fileID: 2673449329356815903, guid: d9b0213bed930e34f8372921b46d859c,
        type: 3}
      propertyPath: m_Pivot.y
      value: 0.5
      objectReference: {fileID: 0}
    - target: {fileID: 2673449329356815903, guid: d9b0213bed930e34f8372921b46d859c,
        type: 3}
      propertyPath: m_RootOrder
      value: 7
      objectReference: {fileID: 0}
    - target: {fileID: 2673449329356815903, guid: d9b0213bed930e34f8372921b46d859c,
        type: 3}
      propertyPath: m_AnchorMax.x
      value: 0.5
      objectReference: {fileID: 0}
    - target: {fileID: 2673449329356815903, guid: d9b0213bed930e34f8372921b46d859c,
        type: 3}
      propertyPath: m_AnchorMax.y
      value: 0.5
      objectReference: {fileID: 0}
    - target: {fileID: 2673449329356815903, guid: d9b0213bed930e34f8372921b46d859c,
        type: 3}
      propertyPath: m_AnchorMin.x
      value: 0.5
      objectReference: {fileID: 0}
    - target: {fileID: 2673449329356815903, guid: d9b0213bed930e34f8372921b46d859c,
        type: 3}
      propertyPath: m_AnchorMin.y
      value: 0.5
      objectReference: {fileID: 0}
    - target: {fileID: 2673449329356815903, guid: d9b0213bed930e34f8372921b46d859c,
        type: 3}
      propertyPath: m_SizeDelta.x
      value: 1
      objectReference: {fileID: 0}
    - target: {fileID: 2673449329356815903, guid: d9b0213bed930e34f8372921b46d859c,
        type: 3}
      propertyPath: m_SizeDelta.y
      value: 0.2
      objectReference: {fileID: 0}
    - target: {fileID: 2673449329356815903, guid: d9b0213bed930e34f8372921b46d859c,
        type: 3}
      propertyPath: m_LocalPosition.x
      value: 0
      objectReference: {fileID: 0}
    - target: {fileID: 2673449329356815903, guid: d9b0213bed930e34f8372921b46d859c,
        type: 3}
      propertyPath: m_LocalPosition.y
      value: 0
      objectReference: {fileID: 0}
    - target: {fileID: 2673449329356815903, guid: d9b0213bed930e34f8372921b46d859c,
        type: 3}
      propertyPath: m_LocalPosition.z
      value: 0
      objectReference: {fileID: 0}
    - target: {fileID: 2673449329356815903, guid: d9b0213bed930e34f8372921b46d859c,
        type: 3}
      propertyPath: m_LocalRotation.w
      value: 1
      objectReference: {fileID: 0}
    - target: {fileID: 2673449329356815903, guid: d9b0213bed930e34f8372921b46d859c,
        type: 3}
      propertyPath: m_LocalRotation.x
      value: 0
      objectReference: {fileID: 0}
    - target: {fileID: 2673449329356815903, guid: d9b0213bed930e34f8372921b46d859c,
        type: 3}
      propertyPath: m_LocalRotation.y
      value: 0
      objectReference: {fileID: 0}
    - target: {fileID: 2673449329356815903, guid: d9b0213bed930e34f8372921b46d859c,
        type: 3}
      propertyPath: m_LocalRotation.z
      value: 0
      objectReference: {fileID: 0}
    - target: {fileID: 2673449329356815903, guid: d9b0213bed930e34f8372921b46d859c,
        type: 3}
      propertyPath: m_AnchoredPosition.x
      value: 0
      objectReference: {fileID: 0}
    - target: {fileID: 2673449329356815903, guid: d9b0213bed930e34f8372921b46d859c,
        type: 3}
      propertyPath: m_AnchoredPosition.y
      value: 1.798
      objectReference: {fileID: 0}
    - target: {fileID: 2673449329356815903, guid: d9b0213bed930e34f8372921b46d859c,
        type: 3}
      propertyPath: m_LocalEulerAnglesHint.x
      value: 0
      objectReference: {fileID: 0}
    - target: {fileID: 2673449329356815903, guid: d9b0213bed930e34f8372921b46d859c,
        type: 3}
      propertyPath: m_LocalEulerAnglesHint.y
      value: 0
      objectReference: {fileID: 0}
    - target: {fileID: 2673449329356815903, guid: d9b0213bed930e34f8372921b46d859c,
        type: 3}
      propertyPath: m_LocalEulerAnglesHint.z
      value: 0
      objectReference: {fileID: 0}
    - target: {fileID: 3952856585072711226, guid: d9b0213bed930e34f8372921b46d859c,
        type: 3}
      propertyPath: m_Name
      value: CanvasSurprised
      objectReference: {fileID: 0}
    m_RemovedComponents: []
    m_RemovedGameObjects: []
    m_AddedGameObjects: []
    m_AddedComponents: []
  m_SourcePrefab: {fileID: 100100000, guid: d9b0213bed930e34f8372921b46d859c, type: 3}
--- !u!224 &1351588678391153492 stripped
RectTransform:
  m_CorrespondingSourceObject: {fileID: 2673449329356815903, guid: d9b0213bed930e34f8372921b46d859c,
    type: 3}
  m_PrefabInstance: {fileID: 4025038006629989707}
  m_PrefabAsset: {fileID: 0}
--- !u!114 &8681704435318963138 stripped
MonoBehaviour:
  m_CorrespondingSourceObject: {fileID: 5737676713911830153, guid: d9b0213bed930e34f8372921b46d859c,
    type: 3}
  m_PrefabInstance: {fileID: 4025038006629989707}
  m_PrefabAsset: {fileID: 0}
  m_GameObject: {fileID: 0}
  m_Enabled: 1
  m_EditorHideFlags: 0
  m_Script: {fileID: 11500000, guid: 7a724191769d2a84da3e0ec35dd69846, type: 3}
  m_Name: 
  m_EditorClassIdentifier: 
--- !u!1001 &4027423003235605494
PrefabInstance:
  m_ObjectHideFlags: 0
  serializedVersion: 2
  m_Modification:
    serializedVersion: 3
    m_TransformParent: {fileID: 5303890733038621008}
    m_Modifications:
    - target: {fileID: 2143963233178082944, guid: 646cf81af973f0647b302702d8983dd5,
        type: 3}
      propertyPath: m_LocalEulerAnglesHint.x
      value: -0.0017798295
      objectReference: {fileID: 0}
    - target: {fileID: 2143963233178082944, guid: 646cf81af973f0647b302702d8983dd5,
        type: 3}
      propertyPath: m_LocalEulerAnglesHint.y
      value: 0.97215486
      objectReference: {fileID: 0}
    - target: {fileID: 2143963233178082944, guid: 646cf81af973f0647b302702d8983dd5,
        type: 3}
      propertyPath: m_LocalEulerAnglesHint.z
      value: -0.18051602
      objectReference: {fileID: 0}
    - target: {fileID: 2143963233178082946, guid: 646cf81af973f0647b302702d8983dd5,
        type: 3}
      propertyPath: m_LocalEulerAnglesHint.x
      value: -0.0017915561
      objectReference: {fileID: 0}
    - target: {fileID: 2143963233178082946, guid: 646cf81af973f0647b302702d8983dd5,
        type: 3}
      propertyPath: m_LocalEulerAnglesHint.y
      value: -1.0265894
      objectReference: {fileID: 0}
    - target: {fileID: 2143963233178082946, guid: 646cf81af973f0647b302702d8983dd5,
        type: 3}
      propertyPath: m_LocalEulerAnglesHint.z
      value: -0.1988623
      objectReference: {fileID: 0}
    - target: {fileID: 2143963233178082948, guid: 646cf81af973f0647b302702d8983dd5,
        type: 3}
      propertyPath: m_LocalEulerAnglesHint.x
      value: -1.4362859
      objectReference: {fileID: 0}
    - target: {fileID: 2143963233178082948, guid: 646cf81af973f0647b302702d8983dd5,
        type: 3}
      propertyPath: m_LocalEulerAnglesHint.y
      value: 12.421331
      objectReference: {fileID: 0}
    - target: {fileID: 2143963233178082948, guid: 646cf81af973f0647b302702d8983dd5,
        type: 3}
      propertyPath: m_LocalEulerAnglesHint.z
      value: 1.1495637
      objectReference: {fileID: 0}
    - target: {fileID: 2143963233178082950, guid: 646cf81af973f0647b302702d8983dd5,
        type: 3}
      propertyPath: m_LocalEulerAnglesHint.x
      value: -0.00018288191
      objectReference: {fileID: 0}
    - target: {fileID: 2143963233178082950, guid: 646cf81af973f0647b302702d8983dd5,
        type: 3}
      propertyPath: m_LocalEulerAnglesHint.y
      value: 0.0544312
      objectReference: {fileID: 0}
    - target: {fileID: 2143963233178082950, guid: 646cf81af973f0647b302702d8983dd5,
        type: 3}
      propertyPath: m_LocalEulerAnglesHint.z
      value: 0.38218802
      objectReference: {fileID: 0}
    - target: {fileID: 2143963233178082952, guid: 646cf81af973f0647b302702d8983dd5,
        type: 3}
      propertyPath: m_LocalEulerAnglesHint.x
      value: -83.714935
      objectReference: {fileID: 0}
    - target: {fileID: 2143963233178082952, guid: 646cf81af973f0647b302702d8983dd5,
        type: 3}
      propertyPath: m_LocalEulerAnglesHint.y
      value: -102.523796
      objectReference: {fileID: 0}
    - target: {fileID: 2143963233178082952, guid: 646cf81af973f0647b302702d8983dd5,
        type: 3}
      propertyPath: m_LocalEulerAnglesHint.z
      value: -89.75283
      objectReference: {fileID: 0}
    - target: {fileID: 2143963233178082954, guid: 646cf81af973f0647b302702d8983dd5,
        type: 3}
      propertyPath: m_LocalEulerAnglesHint.x
      value: 16.458313
      objectReference: {fileID: 0}
    - target: {fileID: 2143963233178082954, guid: 646cf81af973f0647b302702d8983dd5,
        type: 3}
      propertyPath: m_LocalEulerAnglesHint.y
      value: -83.64818
      objectReference: {fileID: 0}
    - target: {fileID: 2143963233178082954, guid: 646cf81af973f0647b302702d8983dd5,
        type: 3}
      propertyPath: m_LocalEulerAnglesHint.z
      value: -12.292952
      objectReference: {fileID: 0}
    - target: {fileID: 2143963233178082956, guid: 646cf81af973f0647b302702d8983dd5,
        type: 3}
      propertyPath: m_LocalEulerAnglesHint.x
      value: -34.834015
      objectReference: {fileID: 0}
    - target: {fileID: 2143963233178082956, guid: 646cf81af973f0647b302702d8983dd5,
        type: 3}
      propertyPath: m_LocalEulerAnglesHint.y
      value: -99.467476
      objectReference: {fileID: 0}
    - target: {fileID: 2143963233178082956, guid: 646cf81af973f0647b302702d8983dd5,
        type: 3}
      propertyPath: m_LocalEulerAnglesHint.z
      value: -91.80448
      objectReference: {fileID: 0}
    - target: {fileID: 2143963233178082958, guid: 646cf81af973f0647b302702d8983dd5,
        type: 3}
      propertyPath: m_LocalEulerAnglesHint.x
      value: -2.322171
      objectReference: {fileID: 0}
    - target: {fileID: 2143963233178082958, guid: 646cf81af973f0647b302702d8983dd5,
        type: 3}
      propertyPath: m_LocalEulerAnglesHint.y
      value: 48.84953
      objectReference: {fileID: 0}
    - target: {fileID: 2143963233178082958, guid: 646cf81af973f0647b302702d8983dd5,
        type: 3}
      propertyPath: m_LocalEulerAnglesHint.z
      value: -0.22038628
      objectReference: {fileID: 0}
    - target: {fileID: 2143963233178082960, guid: 646cf81af973f0647b302702d8983dd5,
        type: 3}
      propertyPath: m_LocalEulerAnglesHint.x
      value: -0.11177782
      objectReference: {fileID: 0}
    - target: {fileID: 2143963233178082960, guid: 646cf81af973f0647b302702d8983dd5,
        type: 3}
      propertyPath: m_LocalEulerAnglesHint.y
      value: -93.35882
      objectReference: {fileID: 0}
    - target: {fileID: 2143963233178082960, guid: 646cf81af973f0647b302702d8983dd5,
        type: 3}
      propertyPath: m_LocalEulerAnglesHint.z
      value: 42.28541
      objectReference: {fileID: 0}
    - target: {fileID: 2143963233178082962, guid: 646cf81af973f0647b302702d8983dd5,
        type: 3}
      propertyPath: m_LocalEulerAnglesHint.x
      value: -0.14350978
      objectReference: {fileID: 0}
    - target: {fileID: 2143963233178082962, guid: 646cf81af973f0647b302702d8983dd5,
        type: 3}
      propertyPath: m_LocalEulerAnglesHint.y
      value: -0.1902407
      objectReference: {fileID: 0}
    - target: {fileID: 2143963233178082962, guid: 646cf81af973f0647b302702d8983dd5,
        type: 3}
      propertyPath: m_LocalEulerAnglesHint.z
      value: 157.28583
      objectReference: {fileID: 0}
    - target: {fileID: 2143963233178082964, guid: 646cf81af973f0647b302702d8983dd5,
        type: 3}
      propertyPath: m_LocalEulerAnglesHint.x
      value: -0.19257411
      objectReference: {fileID: 0}
    - target: {fileID: 2143963233178082964, guid: 646cf81af973f0647b302702d8983dd5,
        type: 3}
      propertyPath: m_LocalEulerAnglesHint.y
      value: -91.92503
      objectReference: {fileID: 0}
    - target: {fileID: 2143963233178082964, guid: 646cf81af973f0647b302702d8983dd5,
        type: 3}
      propertyPath: m_LocalEulerAnglesHint.z
      value: 29.737919
      objectReference: {fileID: 0}
    - target: {fileID: 2143963233178082966, guid: 646cf81af973f0647b302702d8983dd5,
        type: 3}
      propertyPath: m_LocalEulerAnglesHint.x
      value: 0.90482336
      objectReference: {fileID: 0}
    - target: {fileID: 2143963233178082966, guid: 646cf81af973f0647b302702d8983dd5,
        type: 3}
      propertyPath: m_LocalEulerAnglesHint.y
      value: 1.1152003
      objectReference: {fileID: 0}
    - target: {fileID: 2143963233178082966, guid: 646cf81af973f0647b302702d8983dd5,
        type: 3}
      propertyPath: m_LocalEulerAnglesHint.z
      value: -12.534875
      objectReference: {fileID: 0}
    - target: {fileID: 2143963233178082968, guid: 646cf81af973f0647b302702d8983dd5,
        type: 3}
      propertyPath: m_LocalEulerAnglesHint.x
      value: -2.2701855
      objectReference: {fileID: 0}
    - target: {fileID: 2143963233178082968, guid: 646cf81af973f0647b302702d8983dd5,
        type: 3}
      propertyPath: m_LocalEulerAnglesHint.y
      value: -1.0367116
      objectReference: {fileID: 0}
    - target: {fileID: 2143963233178082968, guid: 646cf81af973f0647b302702d8983dd5,
        type: 3}
      propertyPath: m_LocalEulerAnglesHint.z
      value: 8.997392
      objectReference: {fileID: 0}
    - target: {fileID: 2143963233178082970, guid: 646cf81af973f0647b302702d8983dd5,
        type: 3}
      propertyPath: m_LocalEulerAnglesHint.x
      value: -22.370548
      objectReference: {fileID: 0}
    - target: {fileID: 2143963233178082970, guid: 646cf81af973f0647b302702d8983dd5,
        type: 3}
      propertyPath: m_LocalEulerAnglesHint.y
      value: -98.33484
      objectReference: {fileID: 0}
    - target: {fileID: 2143963233178082970, guid: 646cf81af973f0647b302702d8983dd5,
        type: 3}
      propertyPath: m_LocalEulerAnglesHint.z
      value: -91.04409
      objectReference: {fileID: 0}
    - target: {fileID: 2143963233178082972, guid: 646cf81af973f0647b302702d8983dd5,
        type: 3}
      propertyPath: m_LocalEulerAnglesHint.x
      value: -2.5602214
      objectReference: {fileID: 0}
    - target: {fileID: 2143963233178082972, guid: 646cf81af973f0647b302702d8983dd5,
        type: 3}
      propertyPath: m_LocalEulerAnglesHint.y
      value: -1.168023
      objectReference: {fileID: 0}
    - target: {fileID: 2143963233178082972, guid: 646cf81af973f0647b302702d8983dd5,
        type: 3}
      propertyPath: m_LocalEulerAnglesHint.z
      value: 1.0481285
      objectReference: {fileID: 0}
    - target: {fileID: 2143963233178082974, guid: 646cf81af973f0647b302702d8983dd5,
        type: 3}
      propertyPath: m_LocalEulerAnglesHint.x
      value: -0
      objectReference: {fileID: 0}
    - target: {fileID: 2143963233178082974, guid: 646cf81af973f0647b302702d8983dd5,
        type: 3}
      propertyPath: m_LocalEulerAnglesHint.y
      value: -88.26001
      objectReference: {fileID: 0}
    - target: {fileID: 2143963233178082974, guid: 646cf81af973f0647b302702d8983dd5,
        type: 3}
      propertyPath: m_LocalEulerAnglesHint.z
      value: -104.999985
      objectReference: {fileID: 0}
    - target: {fileID: 2143963233178082976, guid: 646cf81af973f0647b302702d8983dd5,
        type: 3}
      propertyPath: m_LocalEulerAnglesHint.x
      value: 83.7149
      objectReference: {fileID: 0}
    - target: {fileID: 2143963233178082976, guid: 646cf81af973f0647b302702d8983dd5,
        type: 3}
      propertyPath: m_LocalEulerAnglesHint.y
      value: -77.41171
      objectReference: {fileID: 0}
    - target: {fileID: 2143963233178082976, guid: 646cf81af973f0647b302702d8983dd5,
        type: 3}
      propertyPath: m_LocalEulerAnglesHint.z
      value: -89.692245
      objectReference: {fileID: 0}
    - target: {fileID: 2143963233178082978, guid: 646cf81af973f0647b302702d8983dd5,
        type: 3}
      propertyPath: m_LocalEulerAnglesHint.x
      value: -16.09111
      objectReference: {fileID: 0}
    - target: {fileID: 2143963233178082978, guid: 646cf81af973f0647b302702d8983dd5,
        type: 3}
      propertyPath: m_LocalEulerAnglesHint.y
      value: 83.57493
      objectReference: {fileID: 0}
    - target: {fileID: 2143963233178082978, guid: 646cf81af973f0647b302702d8983dd5,
        type: 3}
      propertyPath: m_LocalEulerAnglesHint.z
      value: -8.816832
      objectReference: {fileID: 0}
    - target: {fileID: 2143963233178082980, guid: 646cf81af973f0647b302702d8983dd5,
        type: 3}
      propertyPath: m_LocalEulerAnglesHint.x
      value: 34.834347
      objectReference: {fileID: 0}
    - target: {fileID: 2143963233178082980, guid: 646cf81af973f0647b302702d8983dd5,
        type: 3}
      propertyPath: m_LocalEulerAnglesHint.y
      value: -80.523674
      objectReference: {fileID: 0}
    - target: {fileID: 2143963233178082980, guid: 646cf81af973f0647b302702d8983dd5,
        type: 3}
      propertyPath: m_LocalEulerAnglesHint.z
      value: -91.79325
      objectReference: {fileID: 0}
    - target: {fileID: 2143963233178082982, guid: 646cf81af973f0647b302702d8983dd5,
        type: 3}
      propertyPath: m_LocalEulerAnglesHint.x
      value: 2.322171
      objectReference: {fileID: 0}
    - target: {fileID: 2143963233178082982, guid: 646cf81af973f0647b302702d8983dd5,
        type: 3}
      propertyPath: m_LocalEulerAnglesHint.y
      value: -48.84952
      objectReference: {fileID: 0}
    - target: {fileID: 2143963233178082982, guid: 646cf81af973f0647b302702d8983dd5,
        type: 3}
      propertyPath: m_LocalEulerAnglesHint.z
      value: -0.21722834
      objectReference: {fileID: 0}
    - target: {fileID: 2143963233178082984, guid: 646cf81af973f0647b302702d8983dd5,
        type: 3}
      propertyPath: m_LocalEulerAnglesHint.y
      value: -90.00001
      objectReference: {fileID: 0}
    - target: {fileID: 2143963233178082984, guid: 646cf81af973f0647b302702d8983dd5,
        type: 3}
      propertyPath: m_LocalEulerAnglesHint.z
      value: -90
      objectReference: {fileID: 0}
    - target: {fileID: 2143963233178082986, guid: 646cf81af973f0647b302702d8983dd5,
        type: 3}
      propertyPath: m_RootOrder
      value: 3
      objectReference: {fileID: 0}
    - target: {fileID: 2143963233178082986, guid: 646cf81af973f0647b302702d8983dd5,
        type: 3}
      propertyPath: m_LocalPosition.x
      value: -0
      objectReference: {fileID: 0}
    - target: {fileID: 2143963233178082986, guid: 646cf81af973f0647b302702d8983dd5,
        type: 3}
      propertyPath: m_LocalPosition.y
      value: 0
      objectReference: {fileID: 0}
    - target: {fileID: 2143963233178082986, guid: 646cf81af973f0647b302702d8983dd5,
        type: 3}
      propertyPath: m_LocalPosition.z
      value: 0
      objectReference: {fileID: 0}
    - target: {fileID: 2143963233178082986, guid: 646cf81af973f0647b302702d8983dd5,
        type: 3}
      propertyPath: m_LocalRotation.w
      value: 1
      objectReference: {fileID: 0}
    - target: {fileID: 2143963233178082986, guid: 646cf81af973f0647b302702d8983dd5,
        type: 3}
      propertyPath: m_LocalRotation.x
      value: 0
      objectReference: {fileID: 0}
    - target: {fileID: 2143963233178082986, guid: 646cf81af973f0647b302702d8983dd5,
        type: 3}
      propertyPath: m_LocalRotation.y
      value: 0
      objectReference: {fileID: 0}
    - target: {fileID: 2143963233178082986, guid: 646cf81af973f0647b302702d8983dd5,
        type: 3}
      propertyPath: m_LocalRotation.z
      value: 0
      objectReference: {fileID: 0}
    - target: {fileID: 2143963233178082986, guid: 646cf81af973f0647b302702d8983dd5,
        type: 3}
      propertyPath: m_LocalEulerAnglesHint.x
      value: 0
      objectReference: {fileID: 0}
    - target: {fileID: 2143963233178082986, guid: 646cf81af973f0647b302702d8983dd5,
        type: 3}
      propertyPath: m_LocalEulerAnglesHint.y
      value: 0
      objectReference: {fileID: 0}
    - target: {fileID: 2143963233178082986, guid: 646cf81af973f0647b302702d8983dd5,
        type: 3}
      propertyPath: m_LocalEulerAnglesHint.z
      value: 0
      objectReference: {fileID: 0}
    - target: {fileID: 2143963233178082988, guid: 646cf81af973f0647b302702d8983dd5,
        type: 3}
      propertyPath: m_LocalEulerAnglesHint.y
      value: -91.979996
      objectReference: {fileID: 0}
    - target: {fileID: 2143963233178082988, guid: 646cf81af973f0647b302702d8983dd5,
        type: 3}
      propertyPath: m_LocalEulerAnglesHint.z
      value: -90
      objectReference: {fileID: 0}
    - target: {fileID: 2143963233178082990, guid: 646cf81af973f0647b302702d8983dd5,
        type: 3}
      propertyPath: m_LocalEulerAnglesHint.x
      value: 1.6290587
      objectReference: {fileID: 0}
    - target: {fileID: 2143963233178082990, guid: 646cf81af973f0647b302702d8983dd5,
        type: 3}
      propertyPath: m_LocalEulerAnglesHint.y
      value: 0.8295898
      objectReference: {fileID: 0}
    - target: {fileID: 2143963233178082990, guid: 646cf81af973f0647b302702d8983dd5,
        type: 3}
      propertyPath: m_LocalEulerAnglesHint.z
      value: 19.98739
      objectReference: {fileID: 0}
    - target: {fileID: 2143963233178082992, guid: 646cf81af973f0647b302702d8983dd5,
        type: 3}
      propertyPath: m_LocalEulerAnglesHint.x
      value: 1.8983039
      objectReference: {fileID: 0}
    - target: {fileID: 2143963233178082992, guid: 646cf81af973f0647b302702d8983dd5,
        type: 3}
      propertyPath: m_LocalEulerAnglesHint.y
      value: 0.277956
      objectReference: {fileID: 0}
    - target: {fileID: 2143963233178082992, guid: 646cf81af973f0647b302702d8983dd5,
        type: 3}
      propertyPath: m_LocalEulerAnglesHint.z
      value: -4.9782295
      objectReference: {fileID: 0}
    - target: {fileID: 2143963233178082994, guid: 646cf81af973f0647b302702d8983dd5,
        type: 3}
      propertyPath: m_LocalEulerAnglesHint.x
      value: 23.535923
      objectReference: {fileID: 0}
    - target: {fileID: 2143963233178082994, guid: 646cf81af973f0647b302702d8983dd5,
        type: 3}
      propertyPath: m_LocalEulerAnglesHint.y
      value: -93.643776
      objectReference: {fileID: 0}
    - target: {fileID: 2143963233178082994, guid: 646cf81af973f0647b302702d8983dd5,
        type: 3}
      propertyPath: m_LocalEulerAnglesHint.z
      value: -121.16672
      objectReference: {fileID: 0}
    - target: {fileID: 2143963233178082996, guid: 646cf81af973f0647b302702d8983dd5,
        type: 3}
      propertyPath: m_LocalEulerAnglesHint.x
      value: -0.0000017075472
      objectReference: {fileID: 0}
    - target: {fileID: 2143963233178082996, guid: 646cf81af973f0647b302702d8983dd5,
        type: 3}
      propertyPath: m_LocalEulerAnglesHint.y
      value: -93.569275
      objectReference: {fileID: 0}
    - target: {fileID: 2143963233178082996, guid: 646cf81af973f0647b302702d8983dd5,
        type: 3}
      propertyPath: m_LocalEulerAnglesHint.z
      value: -114.999985
      objectReference: {fileID: 0}
    - target: {fileID: 2143963233178082998, guid: 646cf81af973f0647b302702d8983dd5,
        type: 3}
      propertyPath: m_LocalEulerAnglesHint.x
      value: -0.0000017075472
      objectReference: {fileID: 0}
    - target: {fileID: 2143963233178082998, guid: 646cf81af973f0647b302702d8983dd5,
        type: 3}
      propertyPath: m_LocalEulerAnglesHint.y
      value: -93.569275
      objectReference: {fileID: 0}
    - target: {fileID: 2143963233178082998, guid: 646cf81af973f0647b302702d8983dd5,
        type: 3}
      propertyPath: m_LocalEulerAnglesHint.z
      value: -114.999985
      objectReference: {fileID: 0}
    - target: {fileID: 2143963233178083000, guid: 646cf81af973f0647b302702d8983dd5,
        type: 3}
      propertyPath: m_LocalEulerAnglesHint.x
      value: 0.0017792479
      objectReference: {fileID: 0}
    - target: {fileID: 2143963233178083000, guid: 646cf81af973f0647b302702d8983dd5,
        type: 3}
      propertyPath: m_LocalEulerAnglesHint.y
      value: -0.97217345
      objectReference: {fileID: 0}
    - target: {fileID: 2143963233178083000, guid: 646cf81af973f0647b302702d8983dd5,
        type: 3}
      propertyPath: m_LocalEulerAnglesHint.z
      value: -0.18333364
      objectReference: {fileID: 0}
    - target: {fileID: 2143963233178083002, guid: 646cf81af973f0647b302702d8983dd5,
        type: 3}
      propertyPath: m_LocalEulerAnglesHint.x
      value: 0.0017933237
      objectReference: {fileID: 0}
    - target: {fileID: 2143963233178083002, guid: 646cf81af973f0647b302702d8983dd5,
        type: 3}
      propertyPath: m_LocalEulerAnglesHint.y
      value: 1.0265901
      objectReference: {fileID: 0}
    - target: {fileID: 2143963233178083002, guid: 646cf81af973f0647b302702d8983dd5,
        type: 3}
      propertyPath: m_LocalEulerAnglesHint.z
      value: -0.20167415
      objectReference: {fileID: 0}
    - target: {fileID: 2143963233178083004, guid: 646cf81af973f0647b302702d8983dd5,
        type: 3}
      propertyPath: m_LocalEulerAnglesHint.x
      value: 12.339576
      objectReference: {fileID: 0}
    - target: {fileID: 2143963233178083004, guid: 646cf81af973f0647b302702d8983dd5,
        type: 3}
      propertyPath: m_LocalEulerAnglesHint.y
      value: -10.358036
      objectReference: {fileID: 0}
    - target: {fileID: 2143963233178083004, guid: 646cf81af973f0647b302702d8983dd5,
        type: 3}
      propertyPath: m_LocalEulerAnglesHint.z
      value: -24.04579
      objectReference: {fileID: 0}
    - target: {fileID: 2143963233178083006, guid: 646cf81af973f0647b302702d8983dd5,
        type: 3}
      propertyPath: m_LocalEulerAnglesHint.x
      value: 0.00018025043
      objectReference: {fileID: 0}
    - target: {fileID: 2143963233178083006, guid: 646cf81af973f0647b302702d8983dd5,
        type: 3}
      propertyPath: m_LocalEulerAnglesHint.y
      value: -0.05442832
      objectReference: {fileID: 0}
    - target: {fileID: 2143963233178083006, guid: 646cf81af973f0647b302702d8983dd5,
        type: 3}
      propertyPath: m_LocalEulerAnglesHint.z
      value: 0.37938216
      objectReference: {fileID: 0}
    - target: {fileID: 2143963233178083040, guid: 646cf81af973f0647b302702d8983dd5,
        type: 3}
      propertyPath: m_LocalEulerAnglesHint.x
      value: 5.903105
      objectReference: {fileID: 0}
    - target: {fileID: 2143963233178083040, guid: 646cf81af973f0647b302702d8983dd5,
        type: 3}
      propertyPath: m_LocalEulerAnglesHint.y
      value: -93.341415
      objectReference: {fileID: 0}
    - target: {fileID: 2143963233178083040, guid: 646cf81af973f0647b302702d8983dd5,
        type: 3}
      propertyPath: m_LocalEulerAnglesHint.z
      value: 40.89902
      objectReference: {fileID: 0}
    - target: {fileID: 2143963233178083042, guid: 646cf81af973f0647b302702d8983dd5,
        type: 3}
      propertyPath: m_LocalEulerAnglesHint.x
      value: 3.540567
      objectReference: {fileID: 0}
    - target: {fileID: 2143963233178083042, guid: 646cf81af973f0647b302702d8983dd5,
        type: 3}
      propertyPath: m_LocalEulerAnglesHint.y
      value: 3.4760318
      objectReference: {fileID: 0}
    - target: {fileID: 2143963233178083042, guid: 646cf81af973f0647b302702d8983dd5,
        type: 3}
      propertyPath: m_LocalEulerAnglesHint.z
      value: 78.139915
      objectReference: {fileID: 0}
    - target: {fileID: 2143963233178083044, guid: 646cf81af973f0647b302702d8983dd5,
        type: 3}
      propertyPath: m_LocalEulerAnglesHint.x
      value: -7.611264
      objectReference: {fileID: 0}
    - target: {fileID: 2143963233178083044, guid: 646cf81af973f0647b302702d8983dd5,
        type: 3}
      propertyPath: m_LocalEulerAnglesHint.y
      value: -95.89271
      objectReference: {fileID: 0}
    - target: {fileID: 2143963233178083044, guid: 646cf81af973f0647b302702d8983dd5,
        type: 3}
      propertyPath: m_LocalEulerAnglesHint.z
      value: -62.51413
      objectReference: {fileID: 0}
    - target: {fileID: 2143963233178083046, guid: 646cf81af973f0647b302702d8983dd5,
        type: 3}
      propertyPath: m_LocalEulerAnglesHint.x
      value: -11.855757
      objectReference: {fileID: 0}
    - target: {fileID: 2143963233178083046, guid: 646cf81af973f0647b302702d8983dd5,
        type: 3}
      propertyPath: m_LocalEulerAnglesHint.y
      value: 7.018712
      objectReference: {fileID: 0}
    - target: {fileID: 2143963233178083046, guid: 646cf81af973f0647b302702d8983dd5,
        type: 3}
      propertyPath: m_LocalEulerAnglesHint.z
      value: -104.18112
      objectReference: {fileID: 0}
    - target: {fileID: 2143963233178083048, guid: 646cf81af973f0647b302702d8983dd5,
        type: 3}
      propertyPath: m_LocalEulerAnglesHint.x
      value: 1.0623302
      objectReference: {fileID: 0}
    - target: {fileID: 2143963233178083048, guid: 646cf81af973f0647b302702d8983dd5,
        type: 3}
      propertyPath: m_LocalEulerAnglesHint.y
      value: -90.988365
      objectReference: {fileID: 0}
    - target: {fileID: 2143963233178083048, guid: 646cf81af973f0647b302702d8983dd5,
        type: 3}
      propertyPath: m_LocalEulerAnglesHint.z
      value: 14.652519
      objectReference: {fileID: 0}
    - target: {fileID: 2143963233178083050, guid: 646cf81af973f0647b302702d8983dd5,
        type: 3}
      propertyPath: m_LocalEulerAnglesHint.x
      value: 1.5542244
      objectReference: {fileID: 0}
    - target: {fileID: 2143963233178083050, guid: 646cf81af973f0647b302702d8983dd5,
        type: 3}
      propertyPath: m_LocalEulerAnglesHint.y
      value: 0.19079402
      objectReference: {fileID: 0}
    - target: {fileID: 2143963233178083050, guid: 646cf81af973f0647b302702d8983dd5,
        type: 3}
      propertyPath: m_LocalEulerAnglesHint.z
      value: -15.089921
      objectReference: {fileID: 0}
    - target: {fileID: 2143963233178083052, guid: 646cf81af973f0647b302702d8983dd5,
        type: 3}
      propertyPath: m_LocalEulerAnglesHint.x
      value: 0.9827587
      objectReference: {fileID: 0}
    - target: {fileID: 2143963233178083052, guid: 646cf81af973f0647b302702d8983dd5,
        type: 3}
      propertyPath: m_LocalEulerAnglesHint.y
      value: -93.96975
      objectReference: {fileID: 0}
    - target: {fileID: 2143963233178083052, guid: 646cf81af973f0647b302702d8983dd5,
        type: 3}
      propertyPath: m_LocalEulerAnglesHint.z
      value: -37.17119
      objectReference: {fileID: 0}
    - target: {fileID: 2143963233178083054, guid: 646cf81af973f0647b302702d8983dd5,
        type: 3}
      propertyPath: m_LocalEulerAnglesHint.x
      value: -0.82933307
      objectReference: {fileID: 0}
    - target: {fileID: 2143963233178083054, guid: 646cf81af973f0647b302702d8983dd5,
        type: 3}
      propertyPath: m_LocalEulerAnglesHint.y
      value: -2.864429
      objectReference: {fileID: 0}
    - target: {fileID: 2143963233178083054, guid: 646cf81af973f0647b302702d8983dd5,
        type: 3}
      propertyPath: m_LocalEulerAnglesHint.z
      value: -51.74976
      objectReference: {fileID: 0}
    - target: {fileID: 2143963233178083066, guid: 646cf81af973f0647b302702d8983dd5,
        type: 3}
      propertyPath: m_LocalEulerAnglesHint.x
      value: -90
      objectReference: {fileID: 0}
    - target: {fileID: 2143963233178108544, guid: 646cf81af973f0647b302702d8983dd5,
        type: 3}
      propertyPath: m_Layer
      value: 10
      objectReference: {fileID: 0}
    - target: {fileID: 2143963233178108546, guid: 646cf81af973f0647b302702d8983dd5,
        type: 3}
      propertyPath: m_Layer
      value: 10
      objectReference: {fileID: 0}
    - target: {fileID: 2143963233178108548, guid: 646cf81af973f0647b302702d8983dd5,
        type: 3}
      propertyPath: m_Layer
      value: 10
      objectReference: {fileID: 0}
    - target: {fileID: 2143963233178108550, guid: 646cf81af973f0647b302702d8983dd5,
        type: 3}
      propertyPath: m_Layer
      value: 10
      objectReference: {fileID: 0}
    - target: {fileID: 2143963233178108552, guid: 646cf81af973f0647b302702d8983dd5,
        type: 3}
      propertyPath: m_Layer
      value: 10
      objectReference: {fileID: 0}
    - target: {fileID: 2143963233178108554, guid: 646cf81af973f0647b302702d8983dd5,
        type: 3}
      propertyPath: m_Name
      value: Spook
      objectReference: {fileID: 0}
    - target: {fileID: 2143963233178108554, guid: 646cf81af973f0647b302702d8983dd5,
        type: 3}
      propertyPath: m_Layer
      value: 10
      objectReference: {fileID: 0}
    - target: {fileID: 2143963233178108556, guid: 646cf81af973f0647b302702d8983dd5,
        type: 3}
      propertyPath: m_Layer
      value: 10
      objectReference: {fileID: 0}
    - target: {fileID: 2143963233178108558, guid: 646cf81af973f0647b302702d8983dd5,
        type: 3}
      propertyPath: m_Layer
      value: 10
      objectReference: {fileID: 0}
    - target: {fileID: 2143963233178108560, guid: 646cf81af973f0647b302702d8983dd5,
        type: 3}
      propertyPath: m_Layer
      value: 10
      objectReference: {fileID: 0}
    - target: {fileID: 2143963233178108562, guid: 646cf81af973f0647b302702d8983dd5,
        type: 3}
      propertyPath: m_Layer
      value: 10
      objectReference: {fileID: 0}
    - target: {fileID: 2143963233178108564, guid: 646cf81af973f0647b302702d8983dd5,
        type: 3}
      propertyPath: m_Layer
      value: 10
      objectReference: {fileID: 0}
    - target: {fileID: 2143963233178108566, guid: 646cf81af973f0647b302702d8983dd5,
        type: 3}
      propertyPath: m_Layer
      value: 10
      objectReference: {fileID: 0}
    - target: {fileID: 2143963233178108568, guid: 646cf81af973f0647b302702d8983dd5,
        type: 3}
      propertyPath: m_Layer
      value: 10
      objectReference: {fileID: 0}
    - target: {fileID: 2143963233178108570, guid: 646cf81af973f0647b302702d8983dd5,
        type: 3}
      propertyPath: m_Layer
      value: 10
      objectReference: {fileID: 0}
    - target: {fileID: 2143963233178108572, guid: 646cf81af973f0647b302702d8983dd5,
        type: 3}
      propertyPath: m_Layer
      value: 10
      objectReference: {fileID: 0}
    - target: {fileID: 2143963233178108574, guid: 646cf81af973f0647b302702d8983dd5,
        type: 3}
      propertyPath: m_Layer
      value: 10
      objectReference: {fileID: 0}
    - target: {fileID: 2143963233178108608, guid: 646cf81af973f0647b302702d8983dd5,
        type: 3}
      propertyPath: m_Layer
      value: 10
      objectReference: {fileID: 0}
    - target: {fileID: 2143963233178108610, guid: 646cf81af973f0647b302702d8983dd5,
        type: 3}
      propertyPath: m_Layer
      value: 10
      objectReference: {fileID: 0}
    - target: {fileID: 2143963233178108612, guid: 646cf81af973f0647b302702d8983dd5,
        type: 3}
      propertyPath: m_Layer
      value: 10
      objectReference: {fileID: 0}
    - target: {fileID: 2143963233178108614, guid: 646cf81af973f0647b302702d8983dd5,
        type: 3}
      propertyPath: m_Layer
      value: 10
      objectReference: {fileID: 0}
    - target: {fileID: 2143963233178108616, guid: 646cf81af973f0647b302702d8983dd5,
        type: 3}
      propertyPath: m_Layer
      value: 10
      objectReference: {fileID: 0}
    - target: {fileID: 2143963233178108618, guid: 646cf81af973f0647b302702d8983dd5,
        type: 3}
      propertyPath: m_Layer
      value: 10
      objectReference: {fileID: 0}
    - target: {fileID: 2143963233178108620, guid: 646cf81af973f0647b302702d8983dd5,
        type: 3}
      propertyPath: m_Layer
      value: 10
      objectReference: {fileID: 0}
    - target: {fileID: 2143963233178108622, guid: 646cf81af973f0647b302702d8983dd5,
        type: 3}
      propertyPath: m_Layer
      value: 10
      objectReference: {fileID: 0}
    - target: {fileID: 2143963233178108634, guid: 646cf81af973f0647b302702d8983dd5,
        type: 3}
      propertyPath: m_Layer
      value: 10
      objectReference: {fileID: 0}
    - target: {fileID: 2143963233178108640, guid: 646cf81af973f0647b302702d8983dd5,
        type: 3}
      propertyPath: m_Layer
      value: 10
      objectReference: {fileID: 0}
    - target: {fileID: 2143963233178108642, guid: 646cf81af973f0647b302702d8983dd5,
        type: 3}
      propertyPath: m_Layer
      value: 10
      objectReference: {fileID: 0}
    - target: {fileID: 2143963233178108644, guid: 646cf81af973f0647b302702d8983dd5,
        type: 3}
      propertyPath: m_Layer
      value: 10
      objectReference: {fileID: 0}
    - target: {fileID: 2143963233178108646, guid: 646cf81af973f0647b302702d8983dd5,
        type: 3}
      propertyPath: m_Layer
      value: 10
      objectReference: {fileID: 0}
    - target: {fileID: 2143963233178108648, guid: 646cf81af973f0647b302702d8983dd5,
        type: 3}
      propertyPath: m_Layer
      value: 10
      objectReference: {fileID: 0}
    - target: {fileID: 2143963233178108650, guid: 646cf81af973f0647b302702d8983dd5,
        type: 3}
      propertyPath: m_Layer
      value: 10
      objectReference: {fileID: 0}
    - target: {fileID: 2143963233178108652, guid: 646cf81af973f0647b302702d8983dd5,
        type: 3}
      propertyPath: m_Layer
      value: 10
      objectReference: {fileID: 0}
    - target: {fileID: 2143963233178108654, guid: 646cf81af973f0647b302702d8983dd5,
        type: 3}
      propertyPath: m_Layer
      value: 10
      objectReference: {fileID: 0}
    - target: {fileID: 2143963233178108656, guid: 646cf81af973f0647b302702d8983dd5,
        type: 3}
      propertyPath: m_Layer
      value: 10
      objectReference: {fileID: 0}
    - target: {fileID: 2143963233178108658, guid: 646cf81af973f0647b302702d8983dd5,
        type: 3}
      propertyPath: m_Layer
      value: 10
      objectReference: {fileID: 0}
    - target: {fileID: 2143963233178108660, guid: 646cf81af973f0647b302702d8983dd5,
        type: 3}
      propertyPath: m_Layer
      value: 10
      objectReference: {fileID: 0}
    - target: {fileID: 2143963233178108662, guid: 646cf81af973f0647b302702d8983dd5,
        type: 3}
      propertyPath: m_Layer
      value: 10
      objectReference: {fileID: 0}
    - target: {fileID: 2143963233178108664, guid: 646cf81af973f0647b302702d8983dd5,
        type: 3}
      propertyPath: m_Layer
      value: 10
      objectReference: {fileID: 0}
    - target: {fileID: 2143963233178108666, guid: 646cf81af973f0647b302702d8983dd5,
        type: 3}
      propertyPath: m_Layer
      value: 10
      objectReference: {fileID: 0}
    - target: {fileID: 2143963233178108668, guid: 646cf81af973f0647b302702d8983dd5,
        type: 3}
      propertyPath: m_Layer
      value: 10
      objectReference: {fileID: 0}
    - target: {fileID: 2143963233178108670, guid: 646cf81af973f0647b302702d8983dd5,
        type: 3}
      propertyPath: m_Layer
      value: 10
      objectReference: {fileID: 0}
    - target: {fileID: 8086963769681934362, guid: 646cf81af973f0647b302702d8983dd5,
        type: 3}
      propertyPath: pitchRange
      value: 0
      objectReference: {fileID: 0}
    - target: {fileID: 8086963769681934362, guid: 646cf81af973f0647b302702d8983dd5,
        type: 3}
      propertyPath: m_entityMotor
      value: 
      objectReference: {fileID: 5303890732908634434}
    - target: {fileID: 8086963769681934362, guid: 646cf81af973f0647b302702d8983dd5,
        type: 3}
      propertyPath: m_entityVisuals
      value: 
      objectReference: {fileID: 8760526215613386966}
    - target: {fileID: 8086963769681934362, guid: 646cf81af973f0647b302702d8983dd5,
        type: 3}
      propertyPath: m_audioSourceSFX
      value: 
      objectReference: {fileID: 3093426676105450491}
    - target: {fileID: 8086963769681934362, guid: 646cf81af973f0647b302702d8983dd5,
        type: 3}
      propertyPath: m_hurtSounds.Array.size
      value: 4
      objectReference: {fileID: 0}
    - target: {fileID: 8086963769681934362, guid: 646cf81af973f0647b302702d8983dd5,
        type: 3}
      propertyPath: m_attackSounds.Array.size
      value: 4
      objectReference: {fileID: 0}
    - target: {fileID: 8086963769681934362, guid: 646cf81af973f0647b302702d8983dd5,
        type: 3}
      propertyPath: m_hurtSounds.Array.data[0]
      value: 
      objectReference: {fileID: 8300000, guid: 07559f44070b39c45b1b4a01d6382ae4, type: 3}
    - target: {fileID: 8086963769681934362, guid: 646cf81af973f0647b302702d8983dd5,
        type: 3}
      propertyPath: m_hurtSounds.Array.data[1]
      value: 
      objectReference: {fileID: 8300000, guid: c0bd5558d2cf43e4cb22eb347599ae8c, type: 3}
    - target: {fileID: 8086963769681934362, guid: 646cf81af973f0647b302702d8983dd5,
        type: 3}
      propertyPath: m_hurtSounds.Array.data[2]
      value: 
      objectReference: {fileID: 8300000, guid: 21d9bd4545943fc47943c4c7e1e60cd8, type: 3}
    - target: {fileID: 8086963769681934362, guid: 646cf81af973f0647b302702d8983dd5,
        type: 3}
      propertyPath: m_hurtSounds.Array.data[3]
      value: 
      objectReference: {fileID: 8300000, guid: 467e8b395b6db8d4c86488b8495a12bb, type: 3}
    - target: {fileID: 8086963769681934362, guid: 646cf81af973f0647b302702d8983dd5,
        type: 3}
      propertyPath: m_attackSounds.Array.data[0]
      value: 
      objectReference: {fileID: 8300000, guid: 3215702ce65f421449a7967c8d11983e, type: 3}
    - target: {fileID: 8086963769681934362, guid: 646cf81af973f0647b302702d8983dd5,
        type: 3}
      propertyPath: m_attackSounds.Array.data[1]
      value: 
      objectReference: {fileID: 8300000, guid: 3d628e38870a9c147802506742237724, type: 3}
    - target: {fileID: 8086963769681934362, guid: 646cf81af973f0647b302702d8983dd5,
        type: 3}
      propertyPath: m_attackSounds.Array.data[2]
      value: 
      objectReference: {fileID: 8300000, guid: b2d4b14268721634db0340d2e8cf7dab, type: 3}
    - target: {fileID: 8086963769681934362, guid: 646cf81af973f0647b302702d8983dd5,
        type: 3}
      propertyPath: m_attackSounds.Array.data[3]
      value: 
      objectReference: {fileID: 8300000, guid: f938979b9c61d9c4d8f8f9b9dd412451, type: 3}
    m_RemovedComponents: []
    m_RemovedGameObjects: []
    m_AddedGameObjects:
    - targetCorrespondingSourceObject: {fileID: 2143963233178082972, guid: 646cf81af973f0647b302702d8983dd5,
        type: 3}
      insertIndex: -1
      addedObject: {fileID: 4906175285689582126}
    - targetCorrespondingSourceObject: {fileID: 2143963233178083004, guid: 646cf81af973f0647b302702d8983dd5,
        type: 3}
      insertIndex: -1
      addedObject: {fileID: 2455727755522989709}
    - targetCorrespondingSourceObject: {fileID: 2143963233178082990, guid: 646cf81af973f0647b302702d8983dd5,
        type: 3}
      insertIndex: -1
      addedObject: {fileID: 7535909848738709201}
    - targetCorrespondingSourceObject: {fileID: 2143963233178082948, guid: 646cf81af973f0647b302702d8983dd5,
        type: 3}
      insertIndex: -1
      addedObject: {fileID: 601887995479942801}
    m_AddedComponents: []
  m_SourcePrefab: {fileID: 100100000, guid: 646cf81af973f0647b302702d8983dd5, type: 3}
--- !u!4 &3036733268743128394 stripped
Transform:
  m_CorrespondingSourceObject: {fileID: 2143963233178083004, guid: 646cf81af973f0647b302702d8983dd5,
    type: 3}
  m_PrefabInstance: {fileID: 4027423003235605494}
  m_PrefabAsset: {fileID: 0}
--- !u!4 &3036733268743128408 stripped
Transform:
  m_CorrespondingSourceObject: {fileID: 2143963233178082990, guid: 646cf81af973f0647b302702d8983dd5,
    type: 3}
  m_PrefabInstance: {fileID: 4027423003235605494}
  m_PrefabAsset: {fileID: 0}
--- !u!4 &3036733268743128412 stripped
Transform:
  m_CorrespondingSourceObject: {fileID: 2143963233178082986, guid: 646cf81af973f0647b302702d8983dd5,
    type: 3}
  m_PrefabInstance: {fileID: 4027423003235605494}
  m_PrefabAsset: {fileID: 0}
--- !u!4 &3036733268743128426 stripped
Transform:
  m_CorrespondingSourceObject: {fileID: 2143963233178082972, guid: 646cf81af973f0647b302702d8983dd5,
    type: 3}
  m_PrefabInstance: {fileID: 4027423003235605494}
  m_PrefabAsset: {fileID: 0}
--- !u!4 &3036733268743128434 stripped
Transform:
  m_CorrespondingSourceObject: {fileID: 2143963233178082948, guid: 646cf81af973f0647b302702d8983dd5,
    type: 3}
  m_PrefabInstance: {fileID: 4027423003235605494}
  m_PrefabAsset: {fileID: 0}
--- !u!95 &3036733268752689852 stripped
Animator:
  m_CorrespondingSourceObject: {fileID: 2143963233185509706, guid: 646cf81af973f0647b302702d8983dd5,
    type: 3}
  m_PrefabInstance: {fileID: 4027423003235605494}
  m_PrefabAsset: {fileID: 0}
--- !u!137 &3036733268756829308 stripped
SkinnedMeshRenderer:
  m_CorrespondingSourceObject: {fileID: 2143963233189678986, guid: 646cf81af973f0647b302702d8983dd5,
    type: 3}
  m_PrefabInstance: {fileID: 4027423003235605494}
  m_PrefabAsset: {fileID: 0}
--- !u!114 &5178837556610999276 stripped
MonoBehaviour:
  m_CorrespondingSourceObject: {fileID: 8086963769681934362, guid: 646cf81af973f0647b302702d8983dd5,
    type: 3}
  m_PrefabInstance: {fileID: 4027423003235605494}
  m_PrefabAsset: {fileID: 0}
  m_GameObject: {fileID: 0}
  m_Enabled: 1
  m_EditorHideFlags: 0
  m_Script: {fileID: 11500000, guid: cb76341a847334a44b8bedb05439ac02, type: 3}
  m_Name: 
  m_EditorClassIdentifier: 
--- !u!1001 &5014845328609342142
PrefabInstance:
  m_ObjectHideFlags: 0
  serializedVersion: 2
  m_Modification:
    serializedVersion: 3
    m_TransformParent: {fileID: 0}
    m_Modifications:
    - target: {fileID: 480747774499177242, guid: 1bde09d5150f0fc4397ea0b5da73e389,
        type: 3}
      propertyPath: m_Enabled
      value: 0
      objectReference: {fileID: 0}
    - target: {fileID: 480747774499177242, guid: 1bde09d5150f0fc4397ea0b5da73e389,
        type: 3}
      propertyPath: inputHandler
      value: 
      objectReference: {fileID: 4027423003780204385}
    - target: {fileID: 865671637314597760, guid: 1bde09d5150f0fc4397ea0b5da73e389,
        type: 3}
      propertyPath: m_Layer
      value: 10
      objectReference: {fileID: 0}
    - target: {fileID: 865671637314597760, guid: 1bde09d5150f0fc4397ea0b5da73e389,
        type: 3}
      propertyPath: m_IsActive
      value: 0
      objectReference: {fileID: 0}
    - target: {fileID: 865671637363976954, guid: 1bde09d5150f0fc4397ea0b5da73e389,
        type: 3}
      propertyPath: inputHandler
      value: 
      objectReference: {fileID: 4027423003780204385}
    - target: {fileID: 865671637363976955, guid: 1bde09d5150f0fc4397ea0b5da73e389,
        type: 3}
      propertyPath: m_Layer
      value: 10
      objectReference: {fileID: 0}
    - target: {fileID: 865671637363976957, guid: 1bde09d5150f0fc4397ea0b5da73e389,
        type: 3}
      propertyPath: losLayer.m_Bits
      value: 4352
      objectReference: {fileID: 0}
    - target: {fileID: 865671637363976957, guid: 1bde09d5150f0fc4397ea0b5da73e389,
        type: 3}
      propertyPath: seekerLayer.m_Bits
      value: 4096
      objectReference: {fileID: 0}
    - target: {fileID: 865671637562401775, guid: 1bde09d5150f0fc4397ea0b5da73e389,
        type: 3}
      propertyPath: m_Layer
      value: 10
      objectReference: {fileID: 0}
    - target: {fileID: 865671637705264741, guid: 1bde09d5150f0fc4397ea0b5da73e389,
        type: 3}
      propertyPath: m_Layer
      value: 10
      objectReference: {fileID: 0}
    - target: {fileID: 865671637709100016, guid: 1bde09d5150f0fc4397ea0b5da73e389,
        type: 3}
      propertyPath: animator
      value: 
      objectReference: {fileID: 3036733268752689852}
    - target: {fileID: 865671637709100016, guid: 1bde09d5150f0fc4397ea0b5da73e389,
        type: 3}
      propertyPath: weaponHeld
      value: 
      objectReference: {fileID: 3036733268743128434}
    - target: {fileID: 865671637709100016, guid: 1bde09d5150f0fc4397ea0b5da73e389,
        type: 3}
      propertyPath: weaponIdle
      value: 
      objectReference: {fileID: 3036733268743128434}
    - target: {fileID: 865671637709100016, guid: 1bde09d5150f0fc4397ea0b5da73e389,
        type: 3}
      propertyPath: maskLocation
      value: 
      objectReference: {fileID: 7535909848738709201}
    - target: {fileID: 865671637709100016, guid: 1bde09d5150f0fc4397ea0b5da73e389,
        type: 3}
      propertyPath: meshRenderer
      value: 
      objectReference: {fileID: 3036733268756829308}
    - target: {fileID: 865671637709100016, guid: 1bde09d5150f0fc4397ea0b5da73e389,
        type: 3}
      propertyPath: shieldLocation
      value: 
      objectReference: {fileID: 2455727755522989709}
    - target: {fileID: 865671637709100019, guid: 1bde09d5150f0fc4397ea0b5da73e389,
        type: 3}
      propertyPath: equipment
      value: 
      objectReference: {fileID: 4012887658232437147}
    - target: {fileID: 865671637709100019, guid: 1bde09d5150f0fc4397ea0b5da73e389,
        type: 3}
      propertyPath: entityData
      value: 
      objectReference: {fileID: 11400000, guid: c86ed63d93b117e4e973310cca066212,
        type: 2}
    - target: {fileID: 865671637709100019, guid: 1bde09d5150f0fc4397ea0b5da73e389,
        type: 3}
      propertyPath: currentWeapon
      value: 
      objectReference: {fileID: 11400000, guid: 0f51da31adc7c3b47a9935b58c0bce0e,
        type: 2}
    - target: {fileID: 865671637709100019, guid: 1bde09d5150f0fc4397ea0b5da73e389,
        type: 3}
      propertyPath: entityVisuals
      value: 
      objectReference: {fileID: 8760526215613386966}
    - target: {fileID: 865671637709100019, guid: 1bde09d5150f0fc4397ea0b5da73e389,
        type: 3}
      propertyPath: hitboxTrigger
      value: 
      objectReference: {fileID: 5178837556610999276}
    - target: {fileID: 865671637709100019, guid: 1bde09d5150f0fc4397ea0b5da73e389,
        type: 3}
      propertyPath: enemyHealthBar
      value: 
      objectReference: {fileID: 815185659539166964}
    - target: {fileID: 865671637709100019, guid: 1bde09d5150f0fc4397ea0b5da73e389,
        type: 3}
      propertyPath: entityAnimator
      value: 
      objectReference: {fileID: 9129671034534985171}
    - target: {fileID: 865671637709100028, guid: 1bde09d5150f0fc4397ea0b5da73e389,
        type: 3}
      propertyPath: entity
      value: 
      objectReference: {fileID: 5303890732908634445}
    - target: {fileID: 865671637709100028, guid: 1bde09d5150f0fc4397ea0b5da73e389,
        type: 3}
      propertyPath: inputHandler
      value: 
      objectReference: {fileID: 4027423003780204385}
    - target: {fileID: 865671637709100028, guid: 1bde09d5150f0fc4397ea0b5da73e389,
        type: 3}
      propertyPath: surpriseIcon
      value: 
      objectReference: {fileID: 8681704435318963138}
    - target: {fileID: 865671637709100028, guid: 1bde09d5150f0fc4397ea0b5da73e389,
        type: 3}
      propertyPath: hasSpawnState
      value: 1
      objectReference: {fileID: 0}
    - target: {fileID: 865671637709100028, guid: 1bde09d5150f0fc4397ea0b5da73e389,
        type: 3}
      propertyPath: groundMask.m_Bits
      value: 256
      objectReference: {fileID: 0}
    - target: {fileID: 865671637709100029, guid: 1bde09d5150f0fc4397ea0b5da73e389,
        type: 3}
      propertyPath: m_Name
      value: Entity_Ghost
      objectReference: {fileID: 0}
    - target: {fileID: 865671637709100029, guid: 1bde09d5150f0fc4397ea0b5da73e389,
        type: 3}
      propertyPath: m_Layer
      value: 10
      objectReference: {fileID: 0}
    - target: {fileID: 865671637709100030, guid: 1bde09d5150f0fc4397ea0b5da73e389,
        type: 3}
      propertyPath: m_RootOrder
      value: 0
      objectReference: {fileID: 0}
    - target: {fileID: 865671637709100030, guid: 1bde09d5150f0fc4397ea0b5da73e389,
        type: 3}
      propertyPath: m_LocalPosition.x
      value: 0
      objectReference: {fileID: 0}
    - target: {fileID: 865671637709100030, guid: 1bde09d5150f0fc4397ea0b5da73e389,
        type: 3}
      propertyPath: m_LocalPosition.y
      value: 0
      objectReference: {fileID: 0}
    - target: {fileID: 865671637709100030, guid: 1bde09d5150f0fc4397ea0b5da73e389,
        type: 3}
      propertyPath: m_LocalPosition.z
      value: 0
      objectReference: {fileID: 0}
    - target: {fileID: 865671637709100030, guid: 1bde09d5150f0fc4397ea0b5da73e389,
        type: 3}
      propertyPath: m_LocalRotation.w
      value: 1
      objectReference: {fileID: 0}
    - target: {fileID: 865671637709100030, guid: 1bde09d5150f0fc4397ea0b5da73e389,
        type: 3}
      propertyPath: m_LocalRotation.x
      value: -0
      objectReference: {fileID: 0}
    - target: {fileID: 865671637709100030, guid: 1bde09d5150f0fc4397ea0b5da73e389,
        type: 3}
      propertyPath: m_LocalRotation.y
      value: -0
      objectReference: {fileID: 0}
    - target: {fileID: 865671637709100030, guid: 1bde09d5150f0fc4397ea0b5da73e389,
        type: 3}
      propertyPath: m_LocalRotation.z
      value: -0
      objectReference: {fileID: 0}
    - target: {fileID: 865671637709100030, guid: 1bde09d5150f0fc4397ea0b5da73e389,
        type: 3}
      propertyPath: m_LocalEulerAnglesHint.x
      value: 0
      objectReference: {fileID: 0}
    - target: {fileID: 865671637709100030, guid: 1bde09d5150f0fc4397ea0b5da73e389,
        type: 3}
      propertyPath: m_LocalEulerAnglesHint.y
      value: 0
      objectReference: {fileID: 0}
    - target: {fileID: 865671637709100030, guid: 1bde09d5150f0fc4397ea0b5da73e389,
        type: 3}
      propertyPath: m_LocalEulerAnglesHint.z
      value: 0
      objectReference: {fileID: 0}
    - target: {fileID: 865671638033161137, guid: 1bde09d5150f0fc4397ea0b5da73e389,
        type: 3}
      propertyPath: m_Layer
      value: 10
      objectReference: {fileID: 0}
    - target: {fileID: 865671638412892058, guid: 1bde09d5150f0fc4397ea0b5da73e389,
        type: 3}
      propertyPath: m_Layer
      value: 10
      objectReference: {fileID: 0}
    - target: {fileID: 865671638548399895, guid: 1bde09d5150f0fc4397ea0b5da73e389,
        type: 3}
      propertyPath: m_Layer
      value: 10
      objectReference: {fileID: 0}
    - target: {fileID: 865671638696011222, guid: 1bde09d5150f0fc4397ea0b5da73e389,
        type: 3}
      propertyPath: m_Layer
      value: 10
      objectReference: {fileID: 0}
    - target: {fileID: 2138593339505349819, guid: 1bde09d5150f0fc4397ea0b5da73e389,
        type: 3}
      propertyPath: m_Layer
      value: 10
      objectReference: {fileID: 0}
    - target: {fileID: 3540260964916192143, guid: 1bde09d5150f0fc4397ea0b5da73e389,
        type: 3}
      propertyPath: m_Layer
      value: 10
      objectReference: {fileID: 0}
    - target: {fileID: 4315419312243029187, guid: 1bde09d5150f0fc4397ea0b5da73e389,
        type: 3}
      propertyPath: m_Layer
      value: 10
      objectReference: {fileID: 0}
    - target: {fileID: 5510545183528654680, guid: 1bde09d5150f0fc4397ea0b5da73e389,
        type: 3}
      propertyPath: m_AnchorMax.x
      value: 0
      objectReference: {fileID: 0}
    - target: {fileID: 5510545183528654680, guid: 1bde09d5150f0fc4397ea0b5da73e389,
        type: 3}
      propertyPath: m_AnchorMax.y
      value: 0
      objectReference: {fileID: 0}
    - target: {fileID: 6260235333387178490, guid: 1bde09d5150f0fc4397ea0b5da73e389,
        type: 3}
      propertyPath: m_IsActive
      value: 0
      objectReference: {fileID: 0}
    - target: {fileID: 6390027633581050112, guid: 1bde09d5150f0fc4397ea0b5da73e389,
        type: 3}
      propertyPath: m_Layer
      value: 10
      objectReference: {fileID: 0}
    - target: {fileID: 6824539505810611004, guid: 1bde09d5150f0fc4397ea0b5da73e389,
        type: 3}
      propertyPath: m_Layer
      value: 10
      objectReference: {fileID: 0}
    - target: {fileID: 8935867252911742118, guid: 1bde09d5150f0fc4397ea0b5da73e389,
        type: 3}
      propertyPath: m_Layer
      value: 10
      objectReference: {fileID: 0}
    m_RemovedComponents: []
    m_RemovedGameObjects: []
    m_AddedGameObjects:
    - targetCorrespondingSourceObject: {fileID: 865671637709100030, guid: 1bde09d5150f0fc4397ea0b5da73e389,
        type: 3}
      insertIndex: -1
      addedObject: {fileID: 1821524083201361430}
    - targetCorrespondingSourceObject: {fileID: 865671637709100030, guid: 1bde09d5150f0fc4397ea0b5da73e389,
        type: 3}
      insertIndex: -1
      addedObject: {fileID: 6208722999654034394}
    - targetCorrespondingSourceObject: {fileID: 865671637709100030, guid: 1bde09d5150f0fc4397ea0b5da73e389,
        type: 3}
      insertIndex: -1
      addedObject: {fileID: 4664832094424824976}
    - targetCorrespondingSourceObject: {fileID: 865671637562401774, guid: 1bde09d5150f0fc4397ea0b5da73e389,
        type: 3}
      insertIndex: -1
      addedObject: {fileID: 3036733268743128412}
    - targetCorrespondingSourceObject: {fileID: 865671637562401774, guid: 1bde09d5150f0fc4397ea0b5da73e389,
        type: 3}
      insertIndex: -1
      addedObject: {fileID: 6122167377525109104}
    - targetCorrespondingSourceObject: {fileID: 865671637562401774, guid: 1bde09d5150f0fc4397ea0b5da73e389,
        type: 3}
      insertIndex: -1
      addedObject: {fileID: 1351588678391153492}
    - targetCorrespondingSourceObject: {fileID: 865671637562401774, guid: 1bde09d5150f0fc4397ea0b5da73e389,
        type: 3}
      insertIndex: -1
      addedObject: {fileID: 4078656818745243353}
    m_AddedComponents:
    - targetCorrespondingSourceObject: {fileID: 865671637709100029, guid: 1bde09d5150f0fc4397ea0b5da73e389,
        type: 3}
      insertIndex: -1
      addedObject: {fileID: 9129671034534985171}
    - targetCorrespondingSourceObject: {fileID: 865671637709100029, guid: 1bde09d5150f0fc4397ea0b5da73e389,
        type: 3}
      insertIndex: -1
      addedObject: {fileID: 211324297775528779}
    - targetCorrespondingSourceObject: {fileID: 865671637709100029, guid: 1bde09d5150f0fc4397ea0b5da73e389,
        type: 3}
      insertIndex: -1
      addedObject: {fileID: 4027423003780204385}
    - targetCorrespondingSourceObject: {fileID: 865671637709100029, guid: 1bde09d5150f0fc4397ea0b5da73e389,
        type: 3}
      insertIndex: -1
      addedObject: {fileID: 4012887658232437147}
    - targetCorrespondingSourceObject: {fileID: 865671637709100029, guid: 1bde09d5150f0fc4397ea0b5da73e389,
        type: 3}
      insertIndex: -1
      addedObject: {fileID: 8760526215613386966}
  m_SourcePrefab: {fileID: 100100000, guid: 1bde09d5150f0fc4397ea0b5da73e389, type: 3}
--- !u!4 &5303890732908634432 stripped
Transform:
  m_CorrespondingSourceObject: {fileID: 865671637709100030, guid: 1bde09d5150f0fc4397ea0b5da73e389,
    type: 3}
  m_PrefabInstance: {fileID: 5014845328609342142}
  m_PrefabAsset: {fileID: 0}
--- !u!114 &5303890732908634434 stripped
MonoBehaviour:
  m_CorrespondingSourceObject: {fileID: 865671637709100028, guid: 1bde09d5150f0fc4397ea0b5da73e389,
    type: 3}
  m_PrefabInstance: {fileID: 5014845328609342142}
  m_PrefabAsset: {fileID: 0}
  m_GameObject: {fileID: 5303890732908634435}
  m_Enabled: 1
  m_EditorHideFlags: 0
  m_Script: {fileID: 11500000, guid: 16850ea1a0484834083c27572488373c, type: 3}
  m_Name: 
  m_EditorClassIdentifier: 
--- !u!1 &5303890732908634435 stripped
GameObject:
  m_CorrespondingSourceObject: {fileID: 865671637709100029, guid: 1bde09d5150f0fc4397ea0b5da73e389,
    type: 3}
  m_PrefabInstance: {fileID: 5014845328609342142}
  m_PrefabAsset: {fileID: 0}
--- !u!114 &9129671034534985171
MonoBehaviour:
  m_ObjectHideFlags: 0
  m_CorrespondingSourceObject: {fileID: 0}
  m_PrefabInstance: {fileID: 0}
  m_PrefabAsset: {fileID: 0}
  m_GameObject: {fileID: 5303890732908634435}
  m_Enabled: 1
  m_EditorHideFlags: 0
  m_Script: {fileID: 11500000, guid: a2a2789d17ca8df4995ae8833fa70636, type: 3}
  m_Name: 
  m_EditorClassIdentifier: 
  animator: {fileID: 3036733268752689852}
  smoothing: 10
--- !u!114 &211324297775528779
MonoBehaviour:
  m_ObjectHideFlags: 0
  m_CorrespondingSourceObject: {fileID: 0}
  m_PrefabInstance: {fileID: 0}
  m_PrefabAsset: {fileID: 0}
  m_GameObject: {fileID: 5303890732908634435}
  m_Enabled: 1
  m_EditorHideFlags: 0
  m_Script: {fileID: 11500000, guid: ff8a5e5f0dfefde4cbabe305dbca9970, type: 3}
  m_Name: 
  m_EditorClassIdentifier: 
  InteractionName: Interactable
  entity: {fileID: 5303890732908634445}
  assignInteraction: {fileID: 11400000, guid: b66f44f304b61c84b80655510b4e1cf3, type: 2}
  lockedOnIcon: {fileID: 540447008820164982}
  isActiveInteractable: 1
--- !u!114 &4027423003780204385
MonoBehaviour:
  m_ObjectHideFlags: 0
  m_CorrespondingSourceObject: {fileID: 0}
  m_PrefabInstance: {fileID: 0}
  m_PrefabAsset: {fileID: 0}
  m_GameObject: {fileID: 5303890732908634435}
  m_Enabled: 1
  m_EditorHideFlags: 0
  m_Script: {fileID: 11500000, guid: 9dc38cda1b350094ca8d9d5b79fc5b4e, type: 3}
  m_Name: 
  m_EditorClassIdentifier: 
  MoveInput: {x: 0, y: 0}
  CameraInput: {x: 0, y: 0}
  LeftTrigger: 0
  entity: {fileID: 5303890732908634445}
  _navMeshAgent: {fileID: 7539773479103600776}
  SplineContainer: {fileID: 0}
  currentStateName: 
--- !u!114 &4012887658232437147
MonoBehaviour:
  m_ObjectHideFlags: 0
  m_CorrespondingSourceObject: {fileID: 0}
  m_PrefabInstance: {fileID: 0}
  m_PrefabAsset: {fileID: 0}
  m_GameObject: {fileID: 5303890732908634435}
  m_Enabled: 1
  m_EditorHideFlags: 0
  m_Script: {fileID: 11500000, guid: 40c69fcbdb5d5ef418ff15be98038f56, type: 3}
  m_Name: 
  m_EditorClassIdentifier: 
  EntityInventory: {fileID: 11400000, guid: 46f520d31d5a8fa43a60e2540ad0b656, type: 2}
  entity: {fileID: 5303890732908634445}
  m_entityVisuals: {fileID: 8760526215613386966}
--- !u!114 &8760526215613386966
MonoBehaviour:
  m_ObjectHideFlags: 0
  m_CorrespondingSourceObject: {fileID: 0}
  m_PrefabInstance: {fileID: 0}
  m_PrefabAsset: {fileID: 0}
  m_GameObject: {fileID: 5303890732908634435}
  m_Enabled: 1
  m_EditorHideFlags: 0
  m_Script: {fileID: 11500000, guid: 51bdc57bb5789c847bf0ce862285645a, type: 3}
  m_Name: 
  m_EditorClassIdentifier: 
  backpackLocation: {fileID: 4906175285689582126}
  entity: {fileID: 5303890732908634445}
  currentWeapon: {fileID: 0}
  currentShield: {fileID: 0}
  meshRenderer: {fileID: 3036733268756829308}
  shieldRuneLocation: {fileID: 2455727755522989709}
  weaponIdle: {fileID: 601887995479942801}
  weaponHeld: {fileID: 601887995479942801}
  maskLocation: {fileID: 7535909848738709201}
--- !u!114 &5303890732908634445 stripped
MonoBehaviour:
  m_CorrespondingSourceObject: {fileID: 865671637709100019, guid: 1bde09d5150f0fc4397ea0b5da73e389,
    type: 3}
  m_PrefabInstance: {fileID: 5014845328609342142}
  m_PrefabAsset: {fileID: 0}
  m_GameObject: {fileID: 5303890732908634435}
  m_Enabled: 1
  m_EditorHideFlags: 0
  m_Script: {fileID: 11500000, guid: 851e17fa2d59ce84c88ac65c5d275e7b, type: 3}
  m_Name: 
  m_EditorClassIdentifier: 
--- !u!4 &5303890733038621008 stripped
Transform:
  m_CorrespondingSourceObject: {fileID: 865671637562401774, guid: 1bde09d5150f0fc4397ea0b5da73e389,
    type: 3}
  m_PrefabInstance: {fileID: 5014845328609342142}
  m_PrefabAsset: {fileID: 0}
--- !u!1001 &9181656279335334482
PrefabInstance:
  m_ObjectHideFlags: 0
  serializedVersion: 2
  m_Modification:
    serializedVersion: 3
    m_TransformParent: {fileID: 5303890733038621008}
    m_Modifications:
    - target: {fileID: 17744486081560352, guid: 3c2738129aa3a7149b15c0c169d4c2ef,
        type: 3}
      propertyPath: m_Name
      value: CanvasLockOn
      objectReference: {fileID: 0}
    - target: {fileID: 3122716435718383849, guid: 3c2738129aa3a7149b15c0c169d4c2ef,
        type: 3}
      propertyPath: m_PresetInfoIsWorld
      value: 1
      objectReference: {fileID: 0}
    - target: {fileID: 5184073600001148043, guid: 3c2738129aa3a7149b15c0c169d4c2ef,
        type: 3}
      propertyPath: m_Pivot.x
      value: 0.5
      objectReference: {fileID: 0}
    - target: {fileID: 5184073600001148043, guid: 3c2738129aa3a7149b15c0c169d4c2ef,
        type: 3}
      propertyPath: m_Pivot.y
      value: 0.5
      objectReference: {fileID: 0}
    - target: {fileID: 5184073600001148043, guid: 3c2738129aa3a7149b15c0c169d4c2ef,
        type: 3}
      propertyPath: m_RootOrder
      value: -1
      objectReference: {fileID: 0}
    - target: {fileID: 5184073600001148043, guid: 3c2738129aa3a7149b15c0c169d4c2ef,
        type: 3}
      propertyPath: m_AnchorMax.x
      value: 0.5
      objectReference: {fileID: 0}
    - target: {fileID: 5184073600001148043, guid: 3c2738129aa3a7149b15c0c169d4c2ef,
        type: 3}
      propertyPath: m_AnchorMax.y
      value: 0.5
      objectReference: {fileID: 0}
    - target: {fileID: 5184073600001148043, guid: 3c2738129aa3a7149b15c0c169d4c2ef,
        type: 3}
      propertyPath: m_AnchorMin.x
      value: 0.5
      objectReference: {fileID: 0}
    - target: {fileID: 5184073600001148043, guid: 3c2738129aa3a7149b15c0c169d4c2ef,
        type: 3}
      propertyPath: m_AnchorMin.y
      value: 0.5
      objectReference: {fileID: 0}
    - target: {fileID: 5184073600001148043, guid: 3c2738129aa3a7149b15c0c169d4c2ef,
        type: 3}
      propertyPath: m_SizeDelta.x
      value: 1
      objectReference: {fileID: 0}
    - target: {fileID: 5184073600001148043, guid: 3c2738129aa3a7149b15c0c169d4c2ef,
        type: 3}
      propertyPath: m_SizeDelta.y
      value: 0.2
      objectReference: {fileID: 0}
    - target: {fileID: 5184073600001148043, guid: 3c2738129aa3a7149b15c0c169d4c2ef,
        type: 3}
      propertyPath: m_LocalPosition.x
      value: 0
      objectReference: {fileID: 0}
    - target: {fileID: 5184073600001148043, guid: 3c2738129aa3a7149b15c0c169d4c2ef,
        type: 3}
      propertyPath: m_LocalPosition.y
      value: 0
      objectReference: {fileID: 0}
    - target: {fileID: 5184073600001148043, guid: 3c2738129aa3a7149b15c0c169d4c2ef,
        type: 3}
      propertyPath: m_LocalPosition.z
      value: 0
      objectReference: {fileID: 0}
    - target: {fileID: 5184073600001148043, guid: 3c2738129aa3a7149b15c0c169d4c2ef,
        type: 3}
      propertyPath: m_LocalRotation.w
      value: 1
      objectReference: {fileID: 0}
    - target: {fileID: 5184073600001148043, guid: 3c2738129aa3a7149b15c0c169d4c2ef,
        type: 3}
      propertyPath: m_LocalRotation.x
      value: -0
      objectReference: {fileID: 0}
    - target: {fileID: 5184073600001148043, guid: 3c2738129aa3a7149b15c0c169d4c2ef,
        type: 3}
      propertyPath: m_LocalRotation.y
      value: -0
      objectReference: {fileID: 0}
    - target: {fileID: 5184073600001148043, guid: 3c2738129aa3a7149b15c0c169d4c2ef,
        type: 3}
      propertyPath: m_LocalRotation.z
      value: -0
      objectReference: {fileID: 0}
    - target: {fileID: 5184073600001148043, guid: 3c2738129aa3a7149b15c0c169d4c2ef,
        type: 3}
      propertyPath: m_AnchoredPosition.x
      value: 0
      objectReference: {fileID: 0}
    - target: {fileID: 5184073600001148043, guid: 3c2738129aa3a7149b15c0c169d4c2ef,
        type: 3}
      propertyPath: m_AnchoredPosition.y
      value: 1
      objectReference: {fileID: 0}
    - target: {fileID: 5184073600001148043, guid: 3c2738129aa3a7149b15c0c169d4c2ef,
        type: 3}
      propertyPath: m_LocalEulerAnglesHint.x
      value: 0
      objectReference: {fileID: 0}
    - target: {fileID: 5184073600001148043, guid: 3c2738129aa3a7149b15c0c169d4c2ef,
        type: 3}
      propertyPath: m_LocalEulerAnglesHint.y
      value: 0
      objectReference: {fileID: 0}
    - target: {fileID: 5184073600001148043, guid: 3c2738129aa3a7149b15c0c169d4c2ef,
        type: 3}
      propertyPath: m_LocalEulerAnglesHint.z
      value: 0
      objectReference: {fileID: 0}
    m_RemovedComponents: []
    m_RemovedGameObjects: []
    m_AddedGameObjects: []
    m_AddedComponents: []
  m_SourcePrefab: {fileID: 100100000, guid: 3c2738129aa3a7149b15c0c169d4c2ef, type: 3}
--- !u!114 &540447008820164982 stripped
MonoBehaviour:
  m_CorrespondingSourceObject: {fileID: 8713275666421877540, guid: 3c2738129aa3a7149b15c0c169d4c2ef,
    type: 3}
  m_PrefabInstance: {fileID: 9181656279335334482}
  m_PrefabAsset: {fileID: 0}
  m_GameObject: {fileID: 0}
  m_Enabled: 1
  m_EditorHideFlags: 0
  m_Script: {fileID: 11500000, guid: 33d66b05b76ecdc4d9929a9a3e9a4d54, type: 3}
  m_Name: 
  m_EditorClassIdentifier: 
--- !u!224 &4078656818745243353 stripped
RectTransform:
  m_CorrespondingSourceObject: {fileID: 5184073600001148043, guid: 3c2738129aa3a7149b15c0c169d4c2ef,
    type: 3}
  m_PrefabInstance: {fileID: 9181656279335334482}
  m_PrefabAsset: {fileID: 0}
